2638 4334
364 334 448 379 1⁶6
973 327 1272 371 EPISTOLAB
1303 324 1571 371 Murau-
1594 335 1681 382 554

299 475 592 516 auanzaua
616 459 670 512 le
697 453 978 526 muraglia
1003 453 1152 509 della
1178 461 1349 521 terra,
1378 471 1480 526 per
1504 453 1545 509 il
1578 472 1723 526 gran
1757 454 1969 520 feruor,
2001 461 2061 511 et
2086 451 2198 510 essi
2226 453 2351 508 lau—

302 558 530 612 dauono
556 552 716 608 Iddio
761 552 889 606 chel
915 551 989 606 ne
1015 548 1260 605 riteniua
1303 566 1414 606 con
1439 551 1579 606 loro,
1630 549 1693 607 Si
1739 567 1882 606 sono
1908 549 2032 605 fatti
2060 548 2266 617 ordini,
2293 560 2355 606 et

303 648 639 722 ubligationi
668 666 766 719 per
791 646 961 717 ripar'
990 644 1223 713 chiesie,
1252 662 1366 702 con
1386 646 1720 720 ubligationj
1744 665 1846 718 per
1865 664 2094 702 manum
2122 645 2353 717 notarij,

303 756 362 803 et
387 745 667 802 scacciate
694 741 1037 809 concubine,
1067 750 1127 797 et
1145 741 1265 797 dati
1290 741 1475 798 ordini
1508 763 1543 800 a
1575 741 1878 810 sacerdoti,
1913 754 1972 798 et
2000 742 2348 799 instruttioni

306 863 338 899 a
364 841 528 915 layci.
565 844 682 897 Pur
708 840 936 910 quando
962 836 1204 910 piaeque
1229 839 1284 894 al
1316 840 1525 895 Nostro
1559 830 1775 910 Signor
1809 839 2272 911 prehendessimo
2298 840 2352 894 la

309 940 403 995 uia
428 933 596 994 uerso
616 937 670 991 la
690 934 943 1000 Corsica,
969 936 1084 990 una
1102 942 1262 992 notte
1282 933 1341 990 in
1361 936 1476 991 alto
1495 954 1636 1002 mar,
1660 935 1958 991 leuandosi
1979 937 2016 991 l'
2045 937 2158 993 alte
2179 936 2354 1003 unde;

311 1036 358 1092 si
387 1053 528 1107 rupe
554 1035 592 1089 l'
624 1042 890 1098 antenna,
922 1031 962 1086 il
988 1033 1211 1103 patron'
1234 1031 1411 1088 crido:
1436 1032 1628 1090 Siamo
1649 1032 1780 1088 tutti
1807 1031 1994 1088 morti.
2019 1033 2080 1088 Io
2105 1033 2199 1088 all'
2220 1023 2360 1088 hora

311 1118 498 1188 hauea
522 1129 684 1186 finito
710 1129 748 1183 il
776 1130 860 1185 Te
888 1130 1073 1185 Deum
1103 1128 1422 1196 laudamuS,
1452 1131 1661 1200 perche
1704 1131 1891 1185 hauea
1924 1128 2180 1201 disposto
2213 1137 2363 1184 tutta

313 1227 503 1300 quella
528 1235 686 1282 notte
713 1227 765 1282 la
792 1242 924 1280 casa
949 1225 1082 1281 dell'
1111 1222 1299 1280 anima
1316 1224 1433 1280 mia
1456 1242 1565 1280 con
1590 1243 1865 1297 speranza
1902 1224 1959 1280 di
1982 1225 2173 1280 sicuro
2206 1234 2366 1280 tran·

314 1324 425 1402 sito
450 1324 522 1379 da
549 1331 750 1393 questa
780 1321 898 1376 uita
937 1319 1277 1388 miserabile,
1326 1329 1385 1377 et
1417 1339 1514 1378 era
1558 1321 1783 1378 accinto
1807 1322 1882 1377 da
1925 1323 2045 1376 dar'
2076 1322 2113 1375 l'
2144 1321 2367 1377 assolu-

317 1421 470 1477 tione
497 1440 531 1476 a
558 1419 689 1475 tutti
717 1418 752 1473 li
780 1417 1024 1474 confrati
1051 1418 1147 1475 nel
1171 1418 1532 1491 vergantino.
1564 1420 1631 1476 L'
1658 1420 1811 1474 unde
1836 1420 2133 1475 saltauano
2153 1419 2212 1474 in
2231 1437 2367 1490 pro-

320 1537 382 1573 ra
407 1527 466 1575 et
493 1534 698 1589 poppe,
730 1517 822 1570 all'
870 1518 1010 1570 hora
1035 1515 1075 1570 il
1121 1517 1190 1570 P.
1223 1516 1558 1572 Emmanuel
1592 1534 1701 1571 con
1736 1514 2144 1588 magnanimita
2178 1515 2365 1581 salite,

319 1614 580 1670 lassando
607 1614 660 1668 la
686 1630 789 1667 sua
815 1630 1013 1683 cappa,
1043 1631 1078 1668 a
1103 1629 1183 1666 un
1209 1629 1385 1684 pezzo
1408 1612 1540 1667 dell'
1567 1622 1817 1669 antenna
1834 1614 1943 1669 che
1966 1613 2175 1668 uolaua
2199 1630 2367 1684 sopra

321 1711 361 1765 il
388 1729 563 1776 mare,
593 1718 651 1764 et
676 1728 783 1764 con
811 1709 937 1764 altri
964 1710 1019 1763 13
1052 1707 1337 1775 ritirornO,
1368 1717 1427 1765 et
1460 1710 1578 1765 cosi
1605 1709 1644 1764 il
1670 1708 1883 1782 Signor
1911 1710 2033 1766 fece
2070 1710 2191 1763 dar'
2221 1726 2369 1765 uoce

321 1807 379 1862 di
405 1806 570 1876 salutj
599 1806 652 1861 al
679 1823 852 1877 paron
879 1807 985 1861 che
1011 1823 1124 1860 non
1152 1803 1201 1860 si
1226 1804 1580 1872 dubbitasse,
1610 1814 1669 1861 et
1695 1804 1789 1878 poi
1814 1804 2073 1861 condutti
2110 1805 2201 1860 all’
2231 1803 2375 1860 isola

323 1903 382 1959 di
401 1901 662 1974 Capraia,
687 1901 782 1973 gia
796 1902 1352 1974 presadalDragutO,
1376 1901 1552 1973 quelli
1571 1901 1770 1975 gentil'
1794 1900 2047 1957 huomini
2070 1900 2370 1958 diceuano:

330 2002 439 2055 Per
465 2017 619 2055 amor
646 2007 837 2054 vostro
857 1998 895 2052 il
920 1997 1132 2071 Signor
1151 2002 1210 2053 n'
1235 2001 1309 2055 ha
1332 1997 1553 2055 salvati.
1580 2001 1653 2055 Et
1673 2000 1953 2056 entrando
1980 1998 2075 2052 noi
2096 1997 2156 2052 in
2186 1998 2376 2068 quella

330 2096 489 2162 isola,
522 2094 651 2150 tutti
680 2094 877 2165 quanti
904 2094 951 2150 si
985 2096 1356 2152 confessorno
1400 2103 1459 2151 et
1482 2095 1911 2163 comunicorn03
1943 2104 2092 2152 tutte
2116 2095 2156 2149 l'
2186 2093 2377 2149 inimi-

328 2192 458 2247 citie
484 2191 531 2247 si
557 2184 965 2259 concordornO,
996 2191 1043 2246 si
1072 2192 1273 2248 feceno
1298 2193 1448 2248 bone
1480 2192 1761 2261 limosina,
1792 2192 1840 2248 si
1868 2191 2158 2263 ripiliorno
2191 2191 2247 2246 le
2272 2209 2378 2247 sue

330 2287 540 2360 moglie
565 2288 603 2342 li
632 2287 836 2353 mariti,
867 2296 925 2344 et
952 2290 997 2342 s'
1028 2287 1271 2359 insegno
1298 2288 1353 2344 la
1371 2288 1621 2344 dottrina
1640 2287 1967 2354 christiana,
1992 2288 2258 2343 lassando
2281 2304 2378 2343 or-

332 2384 448 2440 dini
476 2386 530 2439 al
557 2386 707 2440 clero
734 2393 791 2440 et
819 2385 1022 2455 popolo
1048 2384 1126 2438 dil
1155 2383 1340 2442 uiuer'
1368 2384 1695 2441 christiano.
1736 2386 1779 2440 Il
1806 2384 2115 2457 magnifico
2142 2384 2377 2456 podesta

333 2490 391 2536 et
417 2480 700 2536 cancilier'
732 2481 893 2535 forno
919 2480 957 2534 li
993 2480 1155 2551 primi
1181 2481 1240 2536 in
1286 2483 1388 2537 dar
1432 2483 1628 2538 buono
1672 2481 1952 2554 essempio
1995 2492 2053 2537 et
2085 2481 2380 2538 confesso-

339 2575 492 2631 ronsi
520 2586 576 2631 et
602 2576 1057 2631 comunicoronsi
1084 2579 1183 2648 piu
1210 2579 1366 2633 uolte
1393 2579 1466 2634 da
1491 2577 1608 2645 noi,
1631 2586 1692 2634 et
1711 2577 1868 2633 molti
1888 2575 2205 2650 operationi
2231 2576 2383 2633 santi

337 2673 384 2728 si
416 2673 624 2738 fecem,
655 2682 713 2728 et
740 2691 1135 2744 congregorno
1162 2676 1334 2731 molte
1361 2674 1542 2747 pietre
1567 2694 1670 2748 per
1696 2676 1781 2731 far
1806 2673 2132 2742 difessione,
2169 2682 2228 2731 et
2253 2690 2380 2728 mu-

337 2768 518 2842 raglie
548 2770 691 2826 forte
712 2780 909 2824 contra
935 2769 1166 2826 infideli.
1200 2773 1269 2826 Et
1297 2774 1507 2843 perche
1535 2771 1711 2844 prima
1747 2771 1787 2826 il
1812 2770 2120 2844 magnifico
2146 2771 2385 2843 podesta

338 2882 453 2922 non
475 2864 512 2919 li
535 2874 699 2936 potea
721 2866 1000 2923 condurre
1020 2886 1053 2922 a
1074 2868 1149 2922 tal
1170 2870 1463 2936 condutta,
1488 2868 1527 2923 il
1550 2870 1614 2925 P.
1637 2869 1971 2925 Emmanuel
1989 2877 2048 2924 et
2069 2867 2123 2923 io
2151 2866 2386 2923 fossimo

340 2960 378 3015 li
398 2960 560 3034 primi
590 2980 622 3016 a
648 2964 855 3033 portar'
886 2962 1062 3032 pietra
1089 2964 1281 3019 auanti
1307 2965 1346 3019 il
1372 2966 1597 3037 pop010,
1626 2984 1664 3021 a
1689 2966 1800 3022 tale
1838 2966 1966 3022 chel
2000 2983 2116 3020 non
2145 2964 2202 3020 ui
2229 2966 2384 3020 resto

341 3058 416 3114 ne
443 3059 654 3113 huomo
681 3058 752 3112 ne
780 3058 988 3125 donna,
1020 3062 1092 3114 ne
1120 3063 1334 3131 grande
1362 3063 1434 3117 ne
1461 3061 1645 3134 picolo
1672 3064 1780 3118 che
1807 3078 1921 3117 non
1955 3070 2211 3134 portasse
2244 3060 2381 3133 ogni

342 3154 400 3209 di
428 3153 624 3225 pietre.
659 3152 739 3207 lui
770 3155 1108 3209 trouassimo
1131 3157 1503 3226 grandissima
1524 3157 1836 3230 ignoranza
1854 3157 1911 3214 di
1932 3158 2068 3225 Dio,
2092 3158 2144 3214 le
2170 3157 2384 3214 chiesie

344 3248 583 3315 roinate,
609 3249 645 3303 il
672 3250 964 3304 sacerdote
990 3252 1095 3305 che
1124 3270 1235 3306 non
1264 3271 1474 3325 sapeua
1494 3256 1546 3310 la
1567 3255 1746 3311 forma
1765 3254 1912 3310 della
1945 3253 2381 3319 consecration',

345 3345 590 3409 somam,
620 3354 678 3400 et
717 3362 825 3399 con
862 3345 1117 3417 figliuoli.
1170 3350 1223 3403 O
1260 3349 1488 3419 Signor,
1528 3352 1815 3419 mandate,
1854 3350 2119 3408 mandate
2149 3349 2391 3423 operarij

348 3442 495 3497 nella
524 3451 716 3497 nostra
747 3440 941 3510 uigna!
975 3443 1028 3498 O
1058 3454 1267 3511 quante
1287 3445 1472 3502 anime
1499 3447 1546 3502 si
1576 3448 1848 3518 perdono!
1874 3449 1929 3505 O
1964 3446 2163 3518 quanti
2190 3447 2388 3512 errori,

347 3535 749 3607 Soperstitioni‚
774 3546 831 3592 et
858 3537 1113 3594 idolatrie
1135 3539 1179 3592 si
1203 3544 1597 3610 perpetranno!
1627 3545 1666 3598 11
1689 3543 1988 3610 beneficiO,
2012 3545 2045 3599 e
2065 3541 2122 3598 di
2146 3545 2223 3600 M.
2250 3541 2392 3608 Gio2

347 3627 594 3714 Battista
616 3632 869 3704 Spinola,
900 3632 947 3688 si
982 3634 1054 3688 da
1087 3652 1121 3688 a
1155 3635 1245 3689 chi
1275 3638 1346 3689 da
1381 3635 1477 3707 piu
1513 3640 1750 3707 rendsta,
1788 3649 1847 3696 et
1887 3649 2037 3695 tutto
2070 3639 2261 3711 quello
2288 3656 2389 3711 po·

349 3715 490 3784 nero
510 3729 719 3799 popolo
745 3731 851 3787 ebe
879 3729 924 3784 si
953 3747 1147 3786 muore
1172 3731 1230 3786 di
1265 3735 1275 3760 ¹
1309 3733 1452 3787 fame
1480 3738 1772 3807 corporale
1807 3747 1865 3792 et
1890 3736 2203 3810 spirituale,
2240 3737 2274 3791 e
2299 3734 2389 3791 di·-

443 3843 457 3869 ¹
520 3839 616 3886 Mn.
645 3841 700 3886 dn·
720 3841 792 3886 di.
