2638 4334
982 286 1040 334 29
1070 274 1383 321 Novmfflms
1419 271 1532 329 1553
1875 302 1886 307 -
2131 273 2220 319 633

233 410 463 468 dissimo
505 410 679 463 frutto
724 405 854 462 nela
899 402 1093 459 chiesa
1138 398 1434 456 catholica.
1480 398 1542 455 Si
1570 417 1641 453 ve
1679 401 1884 455 manda
1922 420 2034 456 vna
2079 403 2278 456 lettera

236 525 411 563 ouero
437 525 551 560 vna
583 503 746 575 copia
780 503 852 557 de
889 500 1096 571 quella,
1135 495 1331 552 scritta
1365 495 1438 550 ali
1474 494 1617 550 R.mi
1658 496 1944 551 cardinali.
1991 499 2079 552 Da
2126 500 2280 552 Mor-

237 605 428 676 begno
455 601 527 658 ali
558 617 628 673 29
646 601 726 655 sde
753 597 1083 654 Nouembre
1118 610 1139 650 1
1150 606 1179 663 5
1187 606 1277 663 53.
1311 590 1447 647 Tuti
1472 590 1545 647 ali
1573 591 1790 646 seruitii
1818 593 1888 647 de
1917 595 1988 648 V.
2023 595 2095 648 R.
2118 636 2129 661 ,

349 699 416 756 Li
443 697 639 771 agenti
666 697 792 752 dela
818 690 1166 750 communita
1191 691 1264 746 de
1299 689 1636 759 Morbegno.

349 798 399 851 A
422 802 585 868 tergo
620 811 640 850 Ι
653 807 775 864 553.
799 791 963 847 Della
984 786 1274 843 comunita
1294 787 1365 842 de
1386 785 1723 856 MorbegnO.
1751 800 1821 856 29
1843 786 1914 840 de
1934 787 2279 842 Nouembre.

1197 1059 1324 1111 212

709 1187 1191 1235 RESPUBLICA
1231 1185 1803 1235 MORBENIENSIS

372 1311 955 1370 CARDINALIBUS
998 1310 1506 1365 PRAEPOSITIS
1546 1309 1913 1365 SANCTAE
1952 1310 1996 1362 F
2000 1310 2152 1363 IDEI

798 1424 1074 1481 MORB'Emo
1107 1446 1165 1492 29
1196 1445 1499 1480 NovEMBms
1535 1433 1649 1492 1553
1682 1434 1714 1479 ⁸.

235 1559 310 1603 Ne
333 1558 517 1617 Jacobo
531 1554 839 1614 Malagucino
855 1553 1122 1614 spiritualis
1139 1554 1412 1598 animorum
1429 1567 1545 1598 cura
1562 1552 1903 1612 demandetur,
1924 1554 2292 1600 morbenienses

1036 1627 1259 1688 pluribus
1283 1634 1476 1686 urgent.

1244 1733 1282 1806 ᾧ

351 1856 528 1911 Rmis.
579 1854 866 1925 Illmisque
917 1862 1114 1909 sancte
1152 1852 1286 1925 fidei
1320 1852 1621 1924 prepositis
1657 1852 2037 1907 cardinalibus
2070 1854 2296 1907 morbe-

238 1953 464 2009 nienses
491 1954 749 2008 salutem.
782 1950 932 2008 Satis
958 1967 1242 2021 superque
1263 1951 1334 2005 de
1362 1949 1601 2005 scientia
1627 1958 1683 2006 et
1709 1948 2051 2021 ignorantia,
2076 1950 2148 2006 de
2168 1949 2298 2003 odio

241 2058 298 2107 et
324 2049 666 2105 emulatione
695 2046 1042 2119 Malagucini
1070 2046 1457 2118 superioribus
1483 2046 1686 2102 litteris
1713 2046 1821 2100 fuit
1848 2055 2160 2115 exaratum,
2191 2046 2293 2102 sed

240 2146 483 2219 amplius
517 2164 617 2218 per
663 2147 904 2217 probum
931 2144 1139 2211 virum,
1170 2163 1271 2216 per
1304 2163 1474 2219 quem
1510 2146 1689 2200 Rome
1716 2152 1912 2199 nostra
1957 2162 2048 2200 res
2082 2143 2292 2215 agitur,

244 2245 485 2298 Paulum
533 2244 848 2314 Luragum,
903 2240 1173 2296 certiores
1222 2241 1355 2296 facti
1395 2260 1594 2296 sumus
1621 2240 1736 2295 illic
1776 2241 1962 2295 adhuc
2008 2259 2295 2296 rumorem

243 2341 383 2395 falso
411 2339 784 2406 increbuisse,
816 2356 1175 2410 nequaquam
1202 2357 1302 2409 per
1324 2337 1515 2409 oppidi
1537 2337 1719 2393 nostri
1741 2355 2044 2393 commune
2074 2346 2291 2403 uotum,

241 2455 430 2507 neque
463 2436 739 2503 crebriUS,
780 2435 881 2490 sed
918 2452 1018 2506 per
1045 2436 1441 2491 aduersatores
1484 2436 1780 2506 quosdam,
1824 2443 1882 2491 et
1908 2437 2019 2489 hoc
2059 2452 2292 2506 paucos,

241 2533 607 2605 Malagucino
633 2550 887 2604 pugnam
909 2531 1052 2599 fieri,
1085 2531 1311 2588 tametsi
1339 2531 1705 2588 attestatione
1731 2541 1926 2587 nostra
1954 2532 2033 2586 ita
2059 2550 2119 2586 se
2146 2532 2297 2587 veri-

242 2638 417 2686 tatem
445 2631 657 2686 habere
684 2628 987 2700 sigilloque
1013 2628 1164 2683 illius
1190 2628 1392 2683 litteris
1420 2627 1630 2683 nostris
1650 2628 1927 2700 apposito,
1954 2629 2119 2683 uobis
2140 2630 2298 2699 plus-

242 2744 411 2796 quam
446 2726 614 2797 plene
648 2726 951 2796 probatum
986 2744 1112 2782 esse
1145 2724 1602 2781 credidissemus,
1642 2726 1918 2781 Attamen
1957 2734 2020 2778 ut
2053 2725 2297 2779 confun-

242 2823 451 2877 dantur
478 2832 536 2878 et
565 2821 966 2893 Malagucinus
993 2831 1051 2878 et
1083 2831 1381 2894 magnates
1416 2822 1667 2892 quidam,
1700 2822 1797 2893 qui
1833 2823 2014 2876 solum
2049 2823 2297 2876 humano

245 2920 394 2973 fastu
433 2919 743 2984 ducuntur,
787 2926 848 2972 ut
873 2920 1242 2989 praeualeant
1275 2918 1480 2976 ceteris
1516 2918 1705 2990 pusilli
1733 2926 1915 2972 status
1948 2916 2294 2984 hominibus,

243 3024 300 3070 et
338 3015 662 3081 laudentur,
701 3021 878 3068 cunta
904 3015 1028 3072 fieri
1054 3016 1352 3070 dumtaxat
1399 3033 1595 3071 eorum
1644 3014 1874 3082 auxiliO,
1919 3032 2017 3084 per
2044 3021 2296 3069 vestrum

241 3112 645 3167 Galuanellum
692 3111 798 3183 ipsi
836 3111 1200 3184 Malagucino
1236 3111 1547 3167 obtulimus
1581 3112 1787 3167 iterum
1835 3111 1981 3166 velle
2025 3110 2297 3180 populum

243 3225 562 3263 conuocare
590 3216 647 3264 et
672 3207 831 3263 illum
860 3208 1177 3275 admittere,
1210 3207 1258 3262 si
1285 3208 1477 3279 plures
1503 3208 1798 3262 hominum
1821 3224 1992 3260 uoces
2013 3205 2294 3271 habuerit,

242 3304 505 3374 quamuis
550 3321 621 3358 ex
648 3303 888 3360 diuersis
933 3304 1098 3359 nobis
1144 3304 1459 3376 displiceat,
1498 3306 1599 3360 sed
1636 3307 1743 3358 hoc
1790 3311 1980 3373 aperte
2015 3301 2171 3354 illum
2208 3320 2296 3355 re>

243 3400 436 3456 nuisse
462 3401 837 3456 Galuanellus
866 3418 1009 3455 uoce
1030 3419 1133 3456 sua
1155 3410 1398 3458 testatus
1419 3409 1525 3457 est.
1553 3403 1799 3456 Rursum
1827 3397 2080 3453 contenti
2102 3415 2300 3452 sumus

244 3504 309 3550 ut
337 3498 563 3551 tandem
593 3496 837 3550 imortali
872 3496 1007 3551 huic
1033 3506 1091 3551 et
1128 3506 1355 3555 vetuste
1382 3496 1774 3552 controuersie
1808 3493 2042 3548 infinitis
2076 3493 2298 3564 dispen-

244 3590 351 3647 diis
378 3601 630 3658 onerate,
664 3593 834 3648 fidem
869 3592 1261 3662 adhibeamuS,
1293 3594 1446 3664 quod
1479 3592 1819 3649 Galuanello
1849 3590 1942 3644 uel
1976 3588 2068 3644 alii
2102 3588 2300 3645 Socie—

334 3727 347 3753 ¹
411 3726 485 3770 Ex
508 3731 815 3784 transumpto
837 3739 1041 3784 coaevo,
1061 3725 1123 3770 ad
1145 3726 1195 3771 S.
1217 3726 1464 3784 Ignatium
1487 3725 1655 3781 misso,
1681 3725 1731 3769 in
1748 3725 1848 3768 vol.
1883 3723 2042 3782 Epist.
2066 3720 2304 3766 Commu-

242 3799 484 3851 nitatum,
510 3799 694 3858 duplici
717 3799 852 3855 folio,
877 3814 926 3844 n.
956 3799 1058 3856 166,
1082 3799 1215 3860 prius
1238 3800 1342 3858 269.
