2638 4334
368 339 458 386 ⁶62
984 342 1287 388 Eas-mun
1318 339 1677 399 mma-723

310 483 421 523 con
442 466 616 522 molta
634 465 994 525 edificatione
1017 475 1078 524 et
1095 467 1482 525 consolatione
1507 468 1563 523 di
1593 466 1748 534 tutti,
1767 484 1835 523 se
1851 463 2353 521 communicorono

311 561 408 635 poi
434 562 492 617 d'
539 563 738 619 hauer'
785 572 1013 619 sentuta
1038 564 1092 618 13
1118 582 1323 630 messa,
1362 574 1419 621 et
1452 562 1682 637 predico
1716 564 1795 619 M.
1834 561 2049 627 oteno,
2087 568 2146 616 et
2171 557 2266 630 poi
2291 575 2355 613 se

312 657 600 730 partirono
627 676 726 730 per
752 663 947 716 traser’
977 659 1036 715 in
1063 678 1180 716 uno
1206 662 1374 716 luoco
1401 663 1508 718 che
1535 668 1700 715 staua
1726 658 1823 731 gia
1849 657 1907 713 in
1934 655 2152 722 ordine,
2184 653 2283 726 piu
2300 654 2353 708 al

314 754 604 827 proposito
628 756 736 811 che
761 772 878 810 non
905 756 1095 827 quello
1120 758 1250 812 dell’
1282 755 1631 814 Assensione
1657 773 1759 827 per
1787 754 1891 809 far’
1913 750 2258 808 monasterio
2283 751 2356 805 de

314 852 611 917 monache,
640 861 698 906 et
732 852 879 907 cossi
912 861 1077 908 stano
1110 854 1164 908 la
1210 852 1516 909 rinchiuse.
1549 854 1721 908 Hano
1748 848 2148 907 comminciato
2182 865 2216 901 a
2247 845 2352 900 dir’

314 947 351 1001 1³
381 946 549 1003 officii
575 946 776 1014 diuini,
806 957 864 1004 et
892 948 1074 1005 uiuer'
1103 951 1351 1007 secondo
1372 951 1406 1003 1'
1430 949 1627 1004 ordine
1646 948 1792 1004 della
1821 947 2021 1019 regola
2046 962 2159 1000 con
2185 943 2359 998 molta

316 1044 674 1103 edificatione
693 1044 842 1100 della
865 1044 997 1100 cita.
1022 1045 1082 1103 Si
1102 1055 1321 1117 espetta
1342 1045 1380 1099 il
1399 1054 1867 1102 contentamento
1886 1052 1944 1098 et
1965 1038 2362 1098 benedictione

317 1141 375 1197 di
401 1143 588 1197 MonS.
627 1142 666 1194 1’
697 1139 1106 1197 archiuescouo
1139 1144 1175 1207 ¹,
1221 1161 1321 1213 per
1354 1144 1408 1196 la
1451 1142 1620 1211 quale
1653 1143 1728 1196 ha
1761 1139 1959 1195 scritto
1994 1139 2056 1195 S.
2098 1137 2265 1192 Ecc,⁸
2309 1135 2362 1189 al

318 1239 477 1294 detto
498 1240 682 1294 Mons,
711 1239 867 1292 R.m0
901 1247 959 1294 et
985 1257 1019 1293 a
1046 1239 1117 1294 V.
1155 1242 1218 1294 P.
1272 1241 1342 1293 Et
1370 1246 1583 1294 mostra
1607 1256 1713 1293 sua
1739 1234 1909 1292 Ecc,⁸
1943 1237 2078 1300 che,
2117 1233 2363 1288 tenendo

320 1337 394 1392 V.
427 1337 493 1391 P.
527 1335 674 1391 nelle
703 1333 853 1388 mani
894 1345 1097 1405 questo
1140 1336 1402 1406 negociO,
1440 1337 1653 1392 hauera
1685 1335 1842 1389 buon
1878 1334 2095 1399 effettO,
2131 1340 2190 1387 et
2217 1330 2362 1385 cossi

320 1440 541 1503 espetta
566 1449 666 1503 per
692 1431 745 1485 le
773 1430 949 1501 prime
977 1434 1151 1487 hauer
1178 1431 1422 1503 risposta
1448 1431 1505 1486 di
1534 1441 1737 1502 questo
1762 1431 1835 1485 da
1862 1431 1935 1486 V.
1972 1431 2036 1485 P.

434 1529 515 1583 La
535 1545 667 1583 casa
686 1528 835 1583 della
853 1528 1187 1599 probatione
1212 1530 1359 1585 delle
1380 1527 1720 1595 conuertite,
1735 1546 1834 1599 per
1854 1525 2039 1599 gratia
2051 1524 2143 1579 del
2156 1523 2368 1595 Signor

326 1643 398 1680 ua
423 1625 600 1679 molto
625 1623 833 1690 inanzi,
863 1625 1152 1680 essendosi
1179 1627 1354 1679 molto
1380 1625 1719 1705 approfitate
1751 1625 1907 1679 dette
1940 1620 2281 1687 conuertite,
2311 1630 2369 1674 et

324 1721 588 1778 hauendo
615 1722 832 1776 hauuto
859 1722 985 1776 loco
1006 1723 1181 1776 molto
1201 1724 1253 1776 al
1275 1722 1561 1794 proposito
1589 1740 1688 1793 per
1709 1739 1853 1777 esse.
1880 1721 1944 1777 S'
1977 1721 2128 1774 hano
2153 1720 2370 1772 hauute

326 1818 568 1872 alchune
595 1818 786 1874 buone
812 1818 1170 1889 eleemosyne
1198 1837 1297 1889 per
1322 1822 1544 1874 metter'
1575 1818 1633 1873 in
1653 1817 1850 1873 ordine
1877 1816 1916 1871 il
1943 1817 2130 1871 luoco‚
2157 1816 2366 1870 Vorre-

327 1915 476 1970 beno
503 1916 642 1969 hora
666 1913 895 1968 alchuni
922 1914 1392 1986 gentillhuomeni
1419 1918 1526 1971 che
1552 1918 1599 1971 s'
1624 1913 1817 1971 unessi
1836 1922 2039 1984 questa
2065 1929 2237 1983 opera
2262 1928 2372 1966 con

327 2012 382 2067 le
425 2009 762 2076 conuertite,
810 2011 958 2066 delle
1004 2012 1170 2080 quale
1197 2015 1252 2066 n'
1303 2014 1375 2068 ha
1401 2013 1455 2067 13
1500 2029 1639 2068 cura
1685 2030 1800 2066 una
1843 2007 2251 2065 confraternita
2301 2007 2373 2062 de

327 2106 803 2180 gentillhuomini.
835 2106 898 2163 Si
925 2117 1126 2177 questo
1152 2112 1197 2162 s'
1222 2110 1570 2176 effettuasse,
1596 2127 1774 2181 penso
1793 2110 1899 2163 che
1920 2116 2069 2163 tutte
2089 2104 2182 2160 doi
2203 2121 2376 2175 opere

328 2204 646 2260 sarebbono
672 2202 771 2275 piu
797 2203 1074 2275 agiutate,
1096 2215 1153 2260 et
1180 2208 1419 2263 sarebbe
1446 2207 1802 2278 guadagnar'
1834 2204 1931 2276 piu
1964 2204 2019 2259 la
2046 2202 2286 2257 uolunta
2320 2200 2376 2254 di

332 2308 481 2355 tutta
514 2309 718 2370 questa
752 2300 1076 2367 confratria,
1116 2305 1221 2358 che
1255 2306 1287 2357 e
1319 2303 1452 2359 delli
1488 2303 1586 2374 piu
1613 2300 1907 2374 principali
1942 2300 2090 2355 della
2126 2307 2293 2355 terra.
2337 2298 2377 2351 11

329 2395 547 2469 signor'
576 2397 735 2451 Iddio
760 2397 800 2450 l'
829 2398 1123 2453 encamine
1150 2417 1310 2455 corne
1338 2402 1463 2455 sara
1488 2399 1587 2471 piu
1614 2419 1647 2455 a
1668 2399 1850 2471 gloria
1877 2416 2002 2453 sua.

441 2493 504 2548 In
525 2501 727 2563 queste
745 2491 842 2547 doi
862 2510 1033 2563 opere
1054 2496 1106 2549 al
1136 2506 1395 2565 presente
1422 2495 1469 2551 si
1492 2505 1698 2551 truoua
1718 2503 2003 2566 occupato
2026 2494 2103 2549 M.
2123 2494 2216 2565 Jo.
2247 2491 2383 2546 Phi-

331 2588 483 2660 lippo
508 2588 552 2654 ',
582 2597 641 2643 et
667 2588 706 2643 il
732 2587 942 2661 Signor
969 2589 1006 2643 li
1034 2591 1106 2644 da
1134 2591 1455 2661 particolar'
1487 2591 1673 2663 gratia
1708 2610 1808 2663 per
1837 2591 1914 2647 tal
1948 2590 2167 2654 effett0,
2199 2597 2258 2643 et
2284 2606 2383 2659 per

332 2693 536 2757 questo
555 2687 631 2740 ho
652 2698 889 2756 pensato
908 2685 966 2740 di
988 2705 1101 2741 non
1126 2687 1449 2744 rimouer’lo
1477 2688 1533 2743 di
1561 2707 1694 2759 qua,
1715 2707 1807 2743 ma
1829 2687 1886 2743 in
1906 2688 2075 2742 luoco
2095 2703 2201 2741 suo
2222 2703 2384 2739 man-

331 2782 454 2838 dar’
484 2781 576 2836 all’
609 2781 745 2836 Itala
773 2782 850 2838 M.
884 2782 1107 2854 Elpidio
1135 2786 1174 2837 ³.
1209 2786 1279 2839 Et
1307 2786 1453 2840 cossi
1482 2785 1535 2839 io
1562 2787 1638 2840 ho
1657 2784 1856 2840 scritto
1877 2786 1985 2840 che
2010 2802 2074 2840 se
2094 2801 2168 2839 ne
2196 2799 2384 2852 uenga

331 2877 476 2933 colle
502 2878 696 2950 galere
722 2879 830 2934 che
850 2887 1015 2934 stano
1042 2880 1094 2934 al
1123 2890 1384 2950 presente
1412 2881 1469 2936 in
1500 2883 1783 2949 Palerm0,
1807 2890 1867 2937 et
1892 2884 2086 2938 hanno
2107 2889 2302 2952 presto
2329 2865 2387 2931 di

335 2972 512 3029 venir'
544 2991 675 3044 qua.
711 2975 939 3030 Venute
975 2975 1028 3031 le
1062 2976 1274 3043 galere,
1313 2979 1480 3047 quale
1515 2996 1629 3033 non
1663 2986 1961 3050 espettano
1991 2995 2091 3049 per
2126 2974 2386 3048 partir'se

335 3087 398 3126 se
426 3087 541 3125 non
569 3071 622 3126 el
650 3079 862 3143 tempo,
892 3069 940 3125 si
967 3070 1176 3143 partira
1203 3072 1259 3127 di
1296 3091 1407 3144 qua
1443 3075 1505 3130 S.
1540 3073 1707 3130 Ecc.⁸
1737 3093 1835 3146 per
1872 3075 2155 3139 Palerm0,
2186 3070 2388 3144 poiche

337 3166 433 3237 gia
456 3168 490 3221 e
518 3177 735 3222 uenuto
754 3166 793 3221 il
820 3185 966 3239 gran
995 3169 1243 3224 Maestro
1272 3170 1312 3234 ⁴,
1344 3170 1382 3223 il
1409 3173 1515 3226 che
1552 3173 1625 3225 ha
1659 3172 1940 3229 detenuto
1968 3170 2030 3227 S.
2071 3170 2243 3227 Ecc.⁸
2277 3185 2389 3237 qua

341 3261 480 3316 tanti
510 3261 716 3334 giomi.

340 3410 681 3457 benedictione
703 3414 766 3458 ab
788 3411 1028 3472 Episcopo
1050 3413 1336 3472 Rhegiensi,
1353 3414 1437 3474 qui
1460 3430 1588 3460 nunc
1607 3422 1684 3461 est
1707 3416 2011 3462 Messanae.»
2042 3413 2286 3474 Rhegium
2308 3428 2390 3458 au-

343 3492 461 3542 tem,
483 3485 545 3530 de
576 3500 673 3546 quo
702 3485 811 3531 heic
839 3485 1021 3546 agitur,
1052 3495 1129 3533 est
1148 3487 1390 3546 Rhegium
1416 3490 1619 3548 Julium,
1642 3490 1692 3536 in
1714 3489 1960 3549 Calabria,
1982 3489 2044 3536 ad
2062 3488 2241 3536 fretum
2261 3488 2390 3539 sicu-

342 3559 462 3617 lum,
480 3558 620 3617 cujus
639 3560 846 3605 antistes
869 3567 974 3606 erat
996 3560 1306 3620 Augustinus
1328 3563 1581 3622 Gonzaga.

433 3635 444 3660 “
509 3634 724 3692 Joannes
744 3634 967 3681 Andreas
985 3633 1048 3681 de
1075 3636 1331 3683 Mercurio.
1357 3637 1482 3683 Vide
1504 3638 1656 3698 epist.
1682 3650 1795 3697 724.

430 3709 447 3734 ¹
511 3707 727 3765 Joannes
747 3708 1000 3769 Philippus
1021 3708 1208 3756 Casini.

429 3782 445 3805 ³
507 3781 728 3841 Elpidius
746 3781 989 3841 Ugoletti.

434 3856 453 3881 ⁴
513 3853 748 3902 Claudius
769 3857 831 3903 de
850 3858 895 3903 la
912 3856 1113 3917 Sangle,
1133 3859 1329 3905 Melitae
1342 3861 1597 3918 magister.
1617 3862 2140 3922 Pomnco,t.1v,pag.
2160 3859 2266 3917 213,
2282 3859 2390 3917 736.
