2638 4334
421 390 433 402 ,
474 351 557 388 112
1084 341 1383 387 Emona
1413 339 1677 385 Mixru-
1683 337 1770 396 532

408 485 517 524 con
544 465 871 523 admirabile
896 464 1264 523 sodisfatione
1289 465 1347 520 di
1376 473 1521 520 tutta
1546 465 1601 518 la
1620 463 1933 521 vniuersita
1956 472 2015 521 et
2034 464 2092 520 di
2113 473 2263 521 tutto
2282 464 2322 520 il
2341 483 2416 538 po

411 564 565 636 pulo.
596 564 640 619 Il
665 561 867 634 giorno
890 562 1018 620 dela
1044 561 1436 634 purificatione
1460 561 1537 616 di.
1569 561 1668 617 N.·
1695 562 1901 618 Donna
1926 561 2154 633 predico
2178 561 2238 616 in
2265 563 2445 619 Santo

402 663 572 734 Justo
597 660 669 715 ad
693 658 960 716 instantia
985 658 1043 715 di
1067 677 1145 714 vn
1171 658 1485 749 inquisitor,
1516 657 1554 711 il
1581 657 1748 727 quale
1773 674 1871 713 era
1898 667 2109 715 venuto
2146 657 2204 713 di
2231 659 2447 715 Toledo

412 775 512 829 per
540 756 623 812 far
649 754 904 828 publicar
929 763 1088 811 certo
1120 754 1296 812 editto
1330 754 1457 810 nela
1490 752 1727 820 chiesia;
1764 762 1823 809 et
1867 756 2152 810 ancorche
2185 754 2224 809 il
2261 755 2447 812 Padre

410 854 597 910 hauea
620 850 995 913 determinato
1021 869 1134 907 non
1161 850 1417 922 predicar
1441 850 1574 919 quel
1598 848 1820 921 giorn0,
1852 851 2058 921 perche
2082 851 2287 907 voleua
2312 869 2445 907 sen-

412 948 486 1004 tir
511 967 590 1004 vn
615 947 968 1031 predicatore
985 989 998 1014 ,
1028 932 1121 1002 dal
1155 947 1320 1017 quale
1354 964 1450 1002 era
1483 945 1725 1001 inuitato
1758 964 1792 1002 a
1825 946 1880 1001 la
1911 964 2017 1002 sua
2048 946 2296 1019 predica,
2340 966 2448 1020 pur

410 1063 528 1101 non
553 1044 600 1100 si
627 1045 799 1117 puote
825 1043 1072 1100 iscusare
1091 1060 1191 1115 per
1210 1043 1422 1097 volerlo
1442 1040 1565 1097 cusi
1588 1041 1627 1095 11
1647 1041 1996 1124 inquisitore.
2032 1044 2117 1099 Fu
2138 1043 2194 1099 la
2219 1043 2449 1116 predica

410 1141 470 1198 di
498 1150 655 1197 tanta
677 1139 954 1206 doctrina,
984 1142 1091 1195 che
1120 1138 1250 1194 tutti
1270 1147 1529 1195 restorno
1550 1137 1830 1204 admirati,
1855 1139 2311 1197 massimamente
2330 1158 2450 1196 non
2536 1185 2542 1191 .

412 1237 677 1294 hauendo
704 1244 903 1292 tenuto
933 1245 1123 1307 tempo
1151 1253 1251 1306 per
1275 1234 1631 1306 prouederIO.
1665 1235 2030 1292 Certamente
2055 1235 2113 1290 di
2149 1235 2352 1309 giorno
2390 1236 2451 1292 in

413 1334 617 1407 giorno
642 1333 681 1388 il
706 1332 915 1405 Signor
940 1331 1076 1387 lida
1101 1339 1410 1403 augmento
1435 1330 1492 1385 di
1519 1330 1777 1387 doctrina
1803 1339 1862 1388 et
1881 1331 2104 1403 spiritu.
2132 1334 2214 1389 La
2232 1333 2452 1405 grande

414 1429 682 1503 opinione
707 1431 814 1487 che
841 1428 897 1483 di
923 1428 1003 1483 lui
1029 1428 1076 1484 si
1105 1427 1255 1484 tiene
1281 1426 1398 1498 qui,
1428 1429 1461 1483 e
1487 1435 1635 1483 stata
1662 1445 1835 1484 causa
1860 1429 1934 1485 de
1967 1429 2021 1485 la
2048 1427 2318 1486 instantia
2343 1432 2452 1486 che

413 1526 464 1583 si
488 1529 564 1583 ha
592 1528 734 1582 fatto
760 1526 818 1582 di
852 1525 1138 1598 predicare
1172 1524 1267 1595 qui
1303 1525 1357 1580 13
1389 1523 1733 1595 quaresima3
1775 1543 1868 1580 ma
1901 1543 2065 1582 como
2098 1526 2139 1581 il
2174 1528 2330 1582 R.m0
2366 1527 2453 1585 le·

413 1633 552 1696 gato
585 1625 598 1651 ¹
628 1625 661 1678 e
688 1622 933 1679 arriuato
960 1623 1047 1677 ala
1081 1630 1264 1686 corte,
1313 1623 1385 1676 ha
1418 1620 1762 1693 trauagliato
1789 1630 1847 1679 et
1876 1622 2015 1678 fatto
2050 1622 2319 1680 instantia
2343 1626 2453 1681 che

414 1721 561 1776 vada
586 1720 659 1786 la,
690 1728 747 1774 et
773 1720 894 1774 cusi
922 1718 1221 1790 bisognera
1246 1718 1424 1773 lassar
1450 1726 1653 1788 questo
1687 1717 1746 1772 di
1773 1736 1906 1790 qua,
1948 1737 2064 1775 non
2098 1738 2270 1776 senza
2307 1738 2453 1793 gran

414 1814 755 1872 sentimento
781 1814 838 1869 di
867 1814 1040 1869 molti.
1074 1816 1202 1870 Non
1228 1813 1275 1869 si
1303 1814 1415 1885 puo
1442 1815 1527 1871 far
1554 1817 1662 1872 che
1688 1834 1803 1871 non
1838 1815 1887 1872 si
1914 1815 2061 1872 facio
2096 1834 2240 1889 gran
2275 1818 2454 1873 frutto

414 1912 475 1968 in
501 1922 703 1983 questa
728 1911 1007 1983 giornata,
1038 1912 1242 1982 perche
1270 1910 1427 1966 molti
1453 1911 1501 1967 si
1527 1911 1845 1984 giouarano
1871 1912 1930 1968 di
1950 1931 2055 1969 sua
2082 1913 2307 1970 dotrina
2324 1914 2455 1971 nela

413 2018 592 2078 corte,
620 2010 769 2064 doue
793 2026 934 2064 sono
961 2008 1130 2063 molte
1159 2026 1395 2079 persone
1421 2008 1758 2081 principale,
1789 2009 1917 2065 suoi
1952 2010 2164 2067 deuoti.
2204 2010 2316 2066 Dio
2353 2028 2456 2084 per

417 2114 569 2161 tutto
595 2105 678 2160 sia
706 2105 954 2159 laudat0.
2018 2102 2023 2108 ’

1352 2379 1505 2431 58oe

962 2502 1331 2551 SODALITAS
1363 2505 1490 2553 STI.
1527 2505 1829 2557 HIERONY
1832 2509 1905 2554 M1

699 2623 1003 2678 PATRI
1070 2624 1507 2682 IGNATIO
1571 2627 1695 2683 DE
1758 2629 2177 2686 LOYOLA

1053 2767 1272 2833 aninmo
1294 2758 1323 2802 6
1343 2769 1627 2806 mannaim
1651 2759 1766 2819 1553
1786 2764 1828 2808 ².

416 2874 565 2934 Quod
586 2874 805 2934 Ignatius
825 2875 1036 2935 aliquem
1058 2876 1118 2922 de
1141 2878 1242 2924 suis
1265 2878 1409 2924 sociis
1433 2880 1708 2927 Ariminum
1730 2897 1784 2928 se
1808 2882 2070 2930 missurum
2092 2884 2337 2941 annuerit,
2360 2898 2459 2931 ma-

506 2963 721 3009 gnopere
741 2948 974 3008 gaudent;
1001 2950 1230 3012 illumque
1252 2961 1425 3011 rogant
1448 2961 1519 3013 ut,
1550 2970 1696 3016 quam
1727 2957 1937 3017 primum
1957 2957 2066 3005 fieri
2096 2959 2270 3020 possit,
2292 2959 2342 3006 id
2373 2971 2458 3005 ex-

509 3029 756 3084 sequatur.

533 3166 708 3222 Molto
734 3165 807 3220 da
833 3165 925 3221 noi
954 3171 1278 3224 venerando
1308 3172 1492 3229 Padre
1512 3172 1570 3228 in
1591 3175 1742 3245 Xp0.
1766 3177 1925 3248 Jesu.
1949 3178 2185 3248 Quanto
2204 3175 2287 3232 sia
2308 3185 2457 3233 stato

419 3261 459 3316 il
479 3260 693 3334 gaudio
710 3281 743 3319 e
762 3262 1166 3330 consolatione,
1193 3267 1356 3336 quale
1380 3268 1471 3323 noi
1495 3270 1648 3335 tutti,
1665 3270 1863 3326 humili
1885 3282 1943 3329 et
1963 3271 2197 3346 indegni
2219 3274 2313 3331 nel
2331 3290 2458 3347 pre·

418 3356 702 3413 ciosisimo
722 3374 899 3429 sange
915 3357 970 3413 di
991 3362 1128 3431 Jesu
1150 3362 1408 3418 seruitori
1428 3364 1485 3419 di
1506 3366 1713 3436 quella,
1739 3368 1940 3425 fratelli
1966 3370 2038 3425 de
2066 3370 2119 3425 la
2143 3370 2439 3427 confrater·

420 3452 539 3508 nita
558 3462 615 3511 et
635 3455 1100 3526 congregatione,
1125 3459 1376 3515 abenche
1397 3462 1524 3517 nela
1546 3462 1634 3518 via
1653 3464 1746 3521 del
1764 3465 1996 3537 Signor'
2021 3469 2207 3539 pocho
2228 3466 2459 3524 instrut-

421 3549 485 3615 ti,
509 3560 566 3605 et
585 3549 745 3620 quasi
773 3567 935 3606 como
963 3569 1072 3606 vna
1094 3554 1302 3610 bai-cha
1326 3574 1497 3612 senza
1524 3559 1790 3616 nochiero
1817 3571 1875 3618 et
1903 3562 2115 3621 timone
2136 3563 2376 3637 guidati,
2401 3565 2458 3620 di

418 3646 536 3702 San
568 3645 916 3719 Jheronimo,
954 3647 1025 3701 de
1053 3649 1104 3702 13
1131 3650 1267 3706 citta
1308 3651 1364 3705 di
1402 3652 1650 3723 Rimino,
1689 3656 1953 3714 habiamo
1988 3661 2318 3732 consaquti,
2357 3679 2460 3734 per

509 3777 526 3805 ⁸
589 3779 804 3836 joanne·
826 3778 1035 3838 Poggio.

508 3855 528 3881 ⁸
592 3853 662 3898 Ex
685 3851 907 3911 originali
931 3854 979 3900 in
1004 3856 1103 3901 vol.
1135 3856 1196 3911 D,
1219 3856 1399 3917 duplici
1422 3860 1555 3916 folio,
1577 3876 1630 3908 n.
1662 3873 1766 3921 211,
1790 3865 1944 3924 prius.
1974 3878 2054 3914 21.
