2638 4334
940 315 995 363 27
1027 306 1335 351 Dsscmmms
1370 314 1390 350 ι
1396 303 1484 362 553
1811 299 1822 305 ’
2083 312 2172 358 683

190 430 530 501 Ascensi6n,
558 448 651 486 me
679 431 880 488 remito
909 433 962 487 al
990 432 1174 487 Padre
1201 430 1376 501 micet
1401 431 1691 504 Jeronimo
1726 436 1737 461 ¹
1767 454 1804 504 y
1830 440 1863 490 a
1891 437 1944 492 la
1970 436 2130 509 copia
2156 440 2229 494 de

189 526 246 581 lo
270 544 384 597 que
410 527 690 598 respondo
715 528 767 582 al
794 528 1061 583 cardenal
1085 528 1157 583 de
1185 526 1408 584 Mecina
1437 527 1479 592 ⁹,
1510 528 1583 583 de
1617 528 1787 597 quien
1814 535 1875 586 se
1901 551 1977 602 yo
2005 534 2159 588 dezir
2191 541 2226 590 a

192 624 263 679 V.
291 624 384 688 R„
423 641 535 694 que
569 616 844 695 g‘ouierna
877 641 946 678 su
979 622 1347 694 areobispado
1374 640 1481 677 con
1511 626 1716 679 mucha
1750 611 1994 694 auarieia
2020 648 2056 699 y
2083 647 2224 700 poca

183 717 431 789 justicia;
462 738 500 789 y
545 737 770 790 aunque
795 728 919 774 esto
964 737 1039 775 no
1065 737 1127 775 es
1160 718 1450 774 conforme
1494 723 1527 772 a
1553 719 1637 773 los
1663 725 1930 788 canoneS,
1963 742 2036 777 no
2075 726 2223 779 halla

191 813 590 885 impedimento
617 834 690 871 en
716 816 845 882 eno,
876 833 1040 870 como
1066 834 1138 872 en
1166 817 1336 871 hazer
1362 832 1474 881 vna
1499 815 1638 870 obra
1658 834 1791 887 muy
1811 827 2006 872 sancta
2032 838 2069 889 y
2089 839 2224 891 muy

191 910 379 966 buena
406 912 446 965 ⁸.

300 1007 383 1061 Lo
409 1007 575 1061 dessa
608 1016 764 1062 corte
798 1026 861 1063 es
887 991 1028 1062 *todo
1062 1011 1324 1061 maxcara
1355 1025 1392 1076 y
1427 1005 1670 1072 maldad‚
1707 1025 1746 1076 y
1782 1007 1970 1063 tienen
2006 1019 2102 1064 tan
2137 1030 2229 1066 es-

185 1102 550 1157 candalizado
576 1105 629 1157 el
675 1103 907 1169 mundo,
939 1120 1051 1173 que
1091 1122 1153 1159 es
1199 1102 1329 1159 bien
1366 1110 1649 1158 menester
1676 1102 1730 1156 la
1776 1120 1944 1158 mano
1970 1105 2043 1160 de
2088 1105 2229 1161 Dios

183 1216 319 1268 para
353 1199 693 1255 remediallo.
745 1201 796 1254 Y
842 1208 1076 1256 nuestro
1122 1200 1306 1256 Senot
1351 1199 1570 1270 guarde
1602 1217 1640 1269 y
1686 1217 1951 1269 prospere
1997 1202 2051 1255 la
2095 1220 2228 1273 muy

182 1294 326 1348 Rda.
358 1313 600 1365 persona
625 1297 696 1350 de
723 1297 794 1351 V.
830 1298 922 1362 Ρ.,
954 1296 1402 1351 conseruandole
1436 1293 1679 1366 siempre
1706 1313 1779 1350 en
1812 1312 1881 1349 su
1915 1305 2080 1351 santo
2106 1316 2227 1352 ser—

184 1389 350 1445 uicio.
384 1392 471 1446 De
499 1391 722 1447 Mecina
747 1396 781 1446 a
809 1409 977 1453 xxvn
1015 1392 1086 1447 de
1112 1392 1283 1446 X.bre
1318 1404 1474 1460 1553.
1515 1391 1571 1445 A
1604 1391 1660 1444 lo
1701 1407 1813 1460 que
1847 1393 1919 1446 V.
1962 1393 2028 1446 P.
2068 1410 2230 1447 man-

183 1486 339 1554 dare,

1284 1586 1444 1657 JUAN
1471 1601 1551 1639 DE
1577 1585 1770 1638 VEGA.

295 1681 364 1733 In
390 1698 496 1734 ora
534 1681 818 1753 inferiori
834 1682 1022 1751 primi
1046 1681 1208 1754 folii:
1236 1682 1314 1735 M.
1346 1679 1552 1735 Inacio,
1582 1679 1760 1750 Copia
1786 1681 1859 1736 de
1886 1682 1940 1734 la
1977 1681 2067 1734 del
2103 1698 2228 1734 car-

186 1775 355 1831 denal
381 1777 453 1830 de
481 1776 721 1833 Mecina.

298 1873 622 1943 Inscriptio:
648 1873 685 1946 †
712 1874 787 1929 Al
813 1892 950 1945 muy
970 1875 1113 1929 Rdo.
1146 1881 1316 1930 sefior
1339 1874 1540 1939 padre,
1566 1871 1738 1941 mieer
1757 1872 1989 1943 Ignacio
2014 1873 2085 1926 de
2114 1875 2197 1927 Lo
2212 1905 2230 1910 -

185 1968 336 2037 yola,
369 1969 655 2040 preposito
679 1971 751 2025 de
778 1971 832 2024 la
859 1969 1211 2044 [Compafiia]
1238 1971 1311 2026 de
1329 1972 1516 2042 jesus,
1551 1970 1638 2023 En
1665 1970 1861 2023 Roma.

275 2141 288 2166 ¹
352 2139 683 2200 Hieronymus
705 2142 1008 2186 Domenech.
1624 2198 1628 2202 ,

270 2215 288 2240 ²
351 2213 478 2259 Vide
508 2215 762 2274 epistolam
798 2201 1106 2276 sequentem.
1146 2216 1222 2260 De
1258 2214 1491 2259 cardinali
1529 2215 1717 2273 Joanne
1754 2213 1950 2258 Andrea
1988 2212 2227 2257 Mercurio

183 2285 375 2344 egimus
398 2288 544 2348 epist.
566 2289 671 2346 713.

273 2363 292 2388 ³
354 2362 547 2408 Acerbe
568 2363 827 2409 admodum
849 2364 1132 2424 percitoque
1155 2362 1316 2408 animo
1332 2364 1472 2421 haec,
1490 2369 1542 2407 et
1563 2362 1772 2407 maxime
1793 2376 1918 2421 quae
1940 2368 2227 2421 sequuntur,

183 2435 365 2495 scripta
389 2451 501 2482 esse
520 2452 667 2484 nemo
687 2453 786 2484 non
807 2439 964 2484 videt.
994 2439 1167 2498 Neque
1189 2451 1394 2483 necesse
1416 2443 1510 2492 est,
1527 2451 1640 2482 cum
1662 2436 1842 2481 veritas
1861 2442 2043 2495 pateat,
2066 2434 2230 2479 multis

185 2511 258 2556 uti
274 2511 440 2556 verbis
461 2511 524 2557 ad
545 2513 910 2572 temperandam
931 2513 1218 2569 orationem,
1242 2519 1327 2557 aut
1346 2511 1407 2556 ad
1429 2511 1799 2571 propulsandam
1817 2510 2064 2569 injuriam.
2091 2509 2230 2553 Adde

181 2585 330 2645 quod,
353 2602 479 2646 quae
500 2587 597 2633 dici
623 2595 824 2647 possent
852 2588 903 2634 in
924 2590 1014 2634 hac
1035 2603 1107 2646 re,
1129 2593 1243 2632 nota
1279 2592 1394 2631 sunt
1414 2586 1657 2631 omnibus:
1683 2591 1732 2629 et
1755 2586 1905 2628 multa
1928 2585 2055 2628 bona
2082 2582 2232 2627 virtu·

182 2665 357 2720 tesque
388 2661 572 2707 Romae
604 2662 848 2719 extitisse,
881 2670 933 2708 et
968 2662 1122 2708 fuisse
1153 2661 1302 2707 etiam
1334 2660 1594 2706 abusiones
1629 2658 1888 2718 (siquidem
1925 2664 1974 2701 et
2011 2655 2229 2701 homines

182 2740 359 2791 erant),
384 2750 585 2797 easque,
612 2738 837 2797 quamvis
858 2751 957 2783 non
985 2751 1178 2796 semper
1198 2750 1290 2781 nec
1318 2735 1369 2781 in
1396 2735 1648 2786 omnibus,
1680 2732 1948 2792 prohibitas
1976 2746 2031 2775 ac
2053 2730 2228 2775 conde-

183 2815 372 2854 mnatas
393 2824 526 2856 esse.
555 2811 682 2856 Illud
703 2811 864 2871 potius
886 2818 1130 2866 notemus,
1153 2810 1311 2855 Stum.
1337 2808 1599 2867 Ignatium‚
1620 2806 1847 2866 quoniam
1869 2810 2073 2849 noverat
2088 2802 2228 2847 dissi-

181 2880 317 2927 dium
338 2884 634 2930 cardinalem
656 2885 783 2932 inter
804 2892 855 2930 et
876 2899 1133 2945 proregem
1154 2884 1312 2929 adhuc
1348 2883 1557 2939 versari,
1580 2883 1708 2926 hunc
1744 2878 1960 2924 emollire
1994 2874 2225 2927 voluisse,

181 2955 391 3016 ideoque
419 2965 577 3003 totum
597 2973 707 3005 esse
729 2960 777 3005 in
801 2959 1082 3005 enarrandis
1103 2972 1229 3019 quae
1250 2956 1545 3003 cardinalem
1574 2952 1924 3015 quodammodo
1954 2950 2226 2995 studiosum

184 3031 402 3089 proregis
424 3039 476 3076 et
495 3047 613 3078 suae
631 3033 871 3080 voluntati
892 3033 1280 3079 addictissimum
1298 3030 1586 3076 reddebant.
1614 3028 1697 3073 Ait
1714 3028 1859 3072 enim:
1882 3024 2075 3069 «Puedo
2092 3022 2228 3067 decir

185 3106 214 3148 a
236 3104 297 3149 V.
322 3104 376 3150 S.
414 3119 506 3151 con
528 3107 641 3152 toda
658 3107 858 3166 verdad,
880 3123 975 3168 que
998 3123 1060 3153 en
1082 3108 1126 3152 el
1151 3106 1388 3153 Cardena]
1411 3106 1580 3149 hemos
1603 3101 1793 3147 hallado
1814 3101 2023 3157 siempre
2054 3097 2227 3141 mucha

188 3179 422 3224 voluntad
442 3180 503 3225 de
525 3182 670 3226 hacer
685 3181 800 3227 todo
821 3184 870 3227 lo
885 3197 980 3242 que
1002 3181 1141 3227 fuese
1163 3180 1372 3226 servicio
1400 3194 1433 3238 y
1468 3176 1882 3224 contentamiento
1901 3173 1962 3218 de
2000 3173 2063 3216 V.
2104 3171 2176 3225 S.;
2196 3185 2228 3228 y

185 3266 249 3297 en
271 3260 377 3298 este
400 3255 606 3313 negocio
628 3257 673 3300 el
695 3270 879 3302 conoce
900 3258 945 3302 el
968 3258 1075 3302 celo
1096 3271 1130 3316 y
1151 3262 1291 3301 santa
1312 3253 1562 3299 intencion
1583 3251 1644 3296 de
1667 3251 1728 3294 V.
1753 3249 1809 3293 S.
1823 3283 1835 3305 ,
1865 3263 1898 3306 y
1916 3261 1970 3291 se
1992 3245 2123 3290 tiene
2146 3257 2231 3303 por

187 3341 303 3386 muy
325 3328 555 3386 obligado
575 3329 638 3374 de
667 3331 712 3375 la
733 3329 893 3389 ayuda
919 3345 1034 3390 que,
1057 3345 1120 3375 en
1152 3331 1224 3375 las
1247 3342 1387 3374 cosas
1415 3323 1723 3386 espirituales
1747 3336 1841 3382 que
1866 3320 2157 3366 conciernen
2174 3331 2233 3362 su

186 3400 346 3459 oficiO,
368 3403 535 3448 recibe
555 3402 618 3448 de
635 3404 696 3448 V.
715 3402 808 3448 S...
826 3411 954 3452 etc.»
976 3403 1160 3449 Cartas
1179 3404 1240 3448 de
1258 3403 1365 3448 San
1382 3401 1608 3462 Ignacio‚
1633 3406 1672 3443 t.
1697 3409 1768 3455 111,
1786 3408 1898 3455 pag.
1916 3393 2028 3451 359.
2052 3392 2234 3436 Verum

187 3459 438 3522 fatendum
459 3483 538 3522 est
556 3479 697 3536 haec,
718 3491 844 3537 quae
860 3477 924 3523 de
944 3477 1179 3523 cardinali
1213 3475 1455 3521 Mercurio
1490 3473 1752 3532 scripserat
1791 3468 2027 3527 Ignatius‚
2054 3464 2233 3525 Joanni

179 3548 241 3594 de
264 3549 404 3609 Vega
425 3565 522 3596 non
544 3549 863 3596 satisfecisse.
896 3551 1021 3596 Vide
1043 3550 1208 3598 statim
1231 3549 1452 3609 ejusdem
1474 3546 1613 3605 Vega
1643 3544 1897 3604 epistolam
1923 3540 1983 3586 ad
2013 3538 2234 3584 cardina·

188 3622 285 3669 lem
309 3624 669 3670 mamertinum.
