2638 4334
370 221 460 268 232
626 188 629 191 Δ
672 283 674 285 p
998 223 1296 269 Εριετοιᾼε
1328 218 1538 263 eruss
1567 242 1580 247 -
1599 213 1686 272 580

294 367 421 406 -sua
445 348 784 406 auctoritate
807 349 972 406 nobis
997 347 1281 407 licentiam
1314 347 1474 401 daret
1499 342 1675 397 libere
1701 340 1896 396 vtendi
1915 339 2230 413 priuilegijs
2246 342 2358 399 So-

317 444 557 501 cietatiS.
589 445 707 503 Sed
732 445 825 502 ille
851 444 1123 519 magister
1149 452 1341 501 noster
1367 458 1481 496 non
1506 436 1687 493 voluit
1713 454 1775 492 se
1808 437 1980 493 rebus
2006 435 2215 493 nostris
2247 436 2354 492 im-

316 540 573 608 miscere,
620 559 725 598 nec
771 542 954 599 bullas
999 540 1296 613 inspicere,
1339 554 1445 593 nec
1484 552 1589 590 nos
1626 532 1843 601 audire,
1887 551 1994 589 nec
2036 532 2189 588 domi
2229 550 2356 590 esse

293 637 546 709 ,quando
569 637 906 696 veniremus.
937 638 1036 694 Ille
1061 636 1210 694 enim
1238 651 1478 704 semper,
1502 648 1616 703 quo
1641 629 1915 687 Coloniae
1935 628 2167 697 fuimuS,
2190 628 2356 685 nobis

317 751 541 806 semper
566 734 903 791 aduersatus
935 745 1043 800 est,
1083 732 1252 788 etiam
1285 731 1344 784 in
1378 726 1619 801 publicis
1653 725 2033 782 contionibus.
2073 726 2191 783 Sed
2223 742 2355 781 cum

318 828 509 886 omnia
533 828 696 887 aliter
721 829 991 887 eueniant
1017 837 1075 886 et
1102 829 1261 899 plura
1295 826 1354 881 in
1387 824 1508 881 dies
1534 824 1689 879 bona
1713 822 1785 877 de
1819 820 2107 880 Societate
2139 820 2354 887 audiat,

318 925 485 982 valde
510 925 897 982 confunditur.

433 1019 600 1078 R.dus
633 1020 897 1077 dominus
930 1022 1127 1077 doctor
1170 1021 1506 1090 Grupperus
1551 1015 1791 1070 multum
1830 1014 2015 1070 doluit
2058 1016 2210 1086 quod
2255 1014 2362 1070 iste

324 1116 596 1189 magister
630 1127 823 1175 noster
855 1117 995 1174 nihil
1029 1114 1348 1172 consentire
1380 1111 1644 1181 voluerit3
1683 1113 1765 1167 sic
1802 1111 1938 1167 huic
1972 1111 2209 1184 negotio
2254 1113 2363 1167 hoc

323 1212 470 1270 festo
522 1214 767 1285 paschae
818 1213 1236 1285 supersedetur;
1292 1210 1395 1267 sed
1446 1218 1574 1281 post
1629 1208 1834 1264 festum
1888 1206 2055 1263 R.du⁸
2099 1206 2363 1263 dominus

320 1309 659 1381 Grupperus
686 1308 794 1365 alia
818 1309 910 1365 via
934 1317 1165 1364 aeturus
1191 1315 1298 1364 est.

431 1404 764 1462 Confratres
816 1403 1013 1473 nostri,
1069 1406 1222 1475 Mag.
1273 1402 1565 1459 Gerardus
1611 1401 1889 1469 Brassica,
1945 1398 2358 1466 dordracensiS,

320 1501 476 1572 Mag.
502 1501 549 1555 F
552 1500 839 1556 ranciscus
859 1501 1067 1557 Custos
1093 1502 1129 1565 ¹,
1153 1497 1591 1566 mechliniensiS,
1616 1507 1675 1555 et
1695 1501 1848 1570 Mag.
1870 1499 2161 1571 Johannes
2189 1497 2358 1561 Redt,

321 1595 680 1663 coloniensis,
710 1595 1093 1668 intelligentes
1119 1597 1223 1651 hos
1259 1595 1592 1662 confratreS,
1630 1593 1728 1665 qui
1761 1594 2015 1650 eiusdem
2052 1592 2362 1665 promotio-

326 1692 415 1747 nis
439 1709 572 1747 cum
600 1691 736 1764 ipsis
783 1692 1033 1759 fuerunt,
1083 1690 1337 1747 Louanio
1382 1692 1620 1746 Romam
1665 1691 1948 1762 profectos
1992 1691 2102 1744 hoe
2147 1706 2362 1753 mense,

324 1787 458 1859 quia
484 1805 725 1859 corpore
751 1788 861 1843 iam
888 1786 1009 1843 sani
1037 1795 1216 1854 erant,
1247 1785 1591 1858 cupiuerunt
1609 1785 1780 1842 etiam
1799 1788 2036 1842 Romam
2058 1783 2362 1857 proficisci;

329 1892 387 1941 et
413 1883 461 1939 si
488 1883 547 1938 in
575 1883 666 1939 via·
697 1884 849 1939 calor
881 1883 1045 1939 nimis
1080 1891 1328 1956 urgeret,
1367 1882 1425 1937 in
1460 1882 1649 1954 aliquo
1683 1882 1924 1955 collegio
1959 1879 2263 1940 Societatis
2307 1880 2366 1935 in

323 1979 418 2036 via
443 1987 754 2045 manerent,
785 1980 967 2035 donec
993 1988 1187 2051 aptum
1215 1988 1438 2051 tempus
1463 1979 1696 2036 daretur
1713 1978 1993 2050 reliquum
2019 1976 2238 2034 itineris
2264 1977 2367 2031 ab·

329 2074 608 2132 soluendi.
1796 2075 1802 2079 ·

436 2173 592 2243 Mag.
616 2173 906 2244 Johannes
934 2174 1079 2227 Redt
1105 2173 1228 2227 vale
1255 2171 1396 2227 dixit
1429 2172 1655 2227 duobus
1689 2170 1979 2244 discipulis
2012 2170 2122 2226 sibi
2155 2169 2363 2236 chariS,

327 2266 444 2338 qui,
475 2267 858 2340 intelligentes
884 2269 1100 2324 abitum
1139 2268 1289 2336 eiuS,
1319 2268 1546 2324 dicunt:
1583 2270 1674 2324 Tu
1707 2285 1770 2323 es
1809 2286 1983 2324 causa
2018 2266 2219 2324 salutis
2257 2284 2365 2321 no·

332 2371 503 2431 strae,
532 2363 688 2433 quod
715 2365 815 2419 X.⁰
842 2363 1139 2435 incipimus
1165 2364 1439 2422 inseruire
1465 2373 1526 2421 et
1561 2365 1837 2420 mundum
1873 2363 2214 2435 relinquere,
2251 2371 2361 2419 etc.

332 2459 611 2515 Volumus
647 2467 834 2515 tecum
875 2460 1172 2531 proficisci,
1215 2470 1273 2518 et
1304 2464 1444 2535 Jesu
1483 2478 1676 2518 amore
1713 2460 1900 2516 omnia
1940 2459 2282 2530 relinquere,
2313 2467 2370 2516 et

330 2554 500 2611 etiam
529 2573 632 2611 nos
660 2555 931 2613 Societati
951 2559 1089 2630 Jesu
1119 2567 1307 2615 tecum
1333 2559 1488 2615 dare.
1529 2557 1841 2630 Respondit
1868 2560 2023 2629 Mag.
2057 2558 2368 2630 Johannes:

329 2650 486 2723 Quid
512 2650 702 2708 dicent
730 2651 920 2707 amici?
946 2662 1051 2710 etc.
1095 2653 1396 2710 Dixerunt:
1420 2655 1551 2711 Non
1571 2671 1838 2711 curamus
1858 2651 2090 2721 amiCOS,
2114 2651 2248 2723 quia
2267 2652 2375 2707 Χ.ο

330 2746 608 2804 inseruire
632 2747 732 2803 diu
759 2747 818 2803 in
844 2748 1030 2804 animo
1057 2750 1377 2807 habuimus.
1403 2749 1716 2823 Respondit
1736 2752 1891 2822 Mag.
1909 2751 2219 2823 Johannes:
2244 2749 2372 2804 Non

329 2843 460 2898 volo
481 2842 751 2915 impedire
773 2844 984 2899 bonum
1006 2845 1251 2901 animum
1272 2856 1546 2903 vestrum.
1564 2846 1627 2904 Si
1646 2846 1819 2902 vultis
1840 2844 2071 2901 omnino
2090 2843 2368 2909 comitari,

331 2957 447 2995 non
481 2957 711 3012 possum
746 2939 1064 3012 prohibere.
1108 2942 1203 2999 Sic
1236 2944 1316 2998 6.·
1352 2942 1489 3000 feria
1534 2953 1732 2999 sancta
1768 2960 1934 2998 mane
1969 2939 2207 3013 profecti
2235 2949 2369 2995 sunt

331 3036 567 3093 Romam
598 3047 711 3093 tres
740 3038 939 3095 tratres
965 3039 1236 3110 praedicti
1263 3049 1320 3094 et
1346 3041 1459 3095 duo
1494 3038 1775 3112 discipuli,
1815 3041 1972 3110 Mag.
2002 3039 2297 3111 Johannes
2322 3036 2364 3106 ²,

420 3205 436 3233 ¹
497 3205 741 3253 Scribitur
761 3207 910 3254 etiam
936 3207 1122 3262 cester,
1159 3210 1548 3256 Costerus.-De
1584 3209 1661 3255 his
1690 3208 1924 3255 fratribus
1953 3222 2101 3268 saepe
2137 3206 2267 3254 facta
2297 3213 2374 3252 est

333 3282 536 3328 mentio,

420 3353 440 3381 ¹
501 3354 633 3401 Socii
655 3357 838 3416 plures,
862 3370 989 3402 anno
1024 3356 1136 3415 1553
1165 3357 1476 3417 decurrente,
1515 3358 1732 3405 Lovanio
1769 3359 1973 3404 Romam
2008 3361 2374 3410 concesserant,

327 3444 533 3491 quorum
557 3429 752 3476 nomina
771 3430 1056 3477 Potaucus
1073 3431 1242 3488 refert,
1263 3439 1298 3476 t.
1318 3444 1387 3489 ιιι,
1406 3446 1522 3491 pag.
1547 3432 1651 3490 283,
1670 3449 1718 3479 n.
1736 3432 1847 3479 636.
1872 3431 2195 3479 Colonienses
2210 3436 2374 3475 autem

329 3504 470 3561 socii,
493 3504 577 3565 qui
609 3503 671 3550 ad
692 3503 991 3550 Societatem
1021 3505 1236 3550 animum
1258 3505 1557 3565 adjecerant,
1590 3521 1619 3551 a
1654 3508 1879 3566 cognatis
1915 3505 2019 3552 suis
2056 3505 2377 3551 vehementer

325 3577 587 3638 aliquando
609 3580 1034 3639 oppugnabantur3
1060 3587 1138 3624 «et
1160 3579 1280 3624 haec
1312 3594 1459 3625 causa
1495 3580 1606 3636 fuit,
1629 3580 1786 3641 inquit
1818 3581 2079 3638 Polaneus,
2107 3593 2195 3625 cur
2225 3579 2374 3636 magi-

325 3659 482 3699 strum
505 3653 747 3711 Joannem
770 3653 987 3712 Retinm,
1009 3653 1226 3699 consulis
1244 3653 1360 3699 olim
1383 3654 1692 3701 coloniensis
1719 3655 1894 3714 filium,
1917 3655 2120 3701 Romam
2139 3667 2253 3699 cum
2274 3665 2371 3698 ma-

322 3723 480 3786 gistro
502 3726 763 3773 Franciseo
784 3726 992 3774 Costero
1014 3734 1065 3773 et
1087 3728 1243 3774 tribus
1268 3729 1344 3774 vel
1364 3734 1570 3788 quatuor
1591 3729 1700 3774 aliis
1723 3728 1889 3788 sociis,
1912 3729 2067 3789 primo
2090 3742 2207 3774 vere
2231 3726 2374 3773 mize-
