2638 4334
341 232 429 279 312
967 233 1262 279 Emsromuz
1294 227 1650 284 Murra—605

279 367 493 430 quanto
518 341 640 433 dire
666 358 715 415 si
740 361 875 432 puo.
907 360 1126 417 Stanno
1153 357 1462 414 bramando
1495 357 1603 412 che
1637 352 1866 410 alchuni
1903 353 1976 409 de
2002 348 2181 406 nostri
2217 366 2319 403 va-

281 455 417 511 dino
436 456 510 523 la,
534 473 634 528 per
654 455 963 529 insegnarli
984 475 1017 512 a
1042 456 1237 512 viuere
1262 455 1383 509 loro
1409 463 1467 509 et
1493 451 1619 507 suoi
1646 449 1863 523 figlioli.
1895 450 2018 507 Son
2051 455 2201 503 stato
2227 463 2319 501 re-

282 561 493 608 ceuuto
525 570 650 607 com
677 552 1054 625 grandissima
1079 551 1295 608 charita
1316 551 1389 605 da
1410 547 1685 621 ogniunO.
1711 548 1780 602 Et
1803 564 1920 601 non
1939 562 2154 617 puosso
2176 559 2320 614 pen-

282 666 408 705 sare
446 650 574 718 che,
617 650 844 720 quando
884 648 931 705 si
969 649 1314 704 mandarano
1354 645 1603 712 alchuni,
1644 662 1757 700 non
1799 642 1848 698 si
1888 641 2064 697 faccia
2103 637 2320 711 grande

284 745 485 813 frutt0,
512 747 721 818 perche
745 747 906 813 hora,
938 748 1043 801 che
1070 763 1188 800 non
1215 743 1270 798 vi
1298 761 1439 799 sono
1466 760 1527 798 se
1554 759 1669 796 non
1702 738 1875 811 quelli
1900 735 2179 794 sacerdoti
2218 734 2321 790 ad-

284 842 507 899 herenti
540 862 574 899 a
607 851 800 899 nostra
837 842 1212 914 Compagnia,
1255 859 1360 913 pur
1394 840 1442 896 si
1476 839 1650 894 fanno
1677 838 1851 892 molte
1884 833 2223 903 confessionj
2267 838 2324 887 et

286 937 692 1011 communionj;
721 948 780 996 et
806 939 864 994 in
892 949 1052 995 tanto
1079 956 1338 1006 numer0‚
1369 938 1475 992 che
1511 937 1544 991 e
1576 953 1677 1007 per
1712 935 1829 989 iare
1867 931 2083 1004 grande
2122 929 2326 985 confu-

287 1034 446 1091 sione
473 1036 581 1093 alle
605 1036 798 1108 citadj.
834 1035 1111 1108 Ogniuno
1137 1036 1210 1092 de
1244 1033 1375 1106 quei
1402 1031 1595 1105 populi
1622 1027 1984 1102 desyderaria
2016 1029 2123 1083 che
2156 1025 2205 1081 si
2244 1026 2325 1081 fa-

286 1149 446 1188 cesse
472 1131 513 1187 il
538 1132 780 1205 collegio
807 1134 956 1190 nella
984 1132 1209 1204 propria
1244 1141 1420 1199 terra3
1464 1149 1557 1185 ma
1589 1128 1738 1183 intra
1774 1126 1813 1181 li
1851 1124 1978 1181 altri
2012 1123 2061 1180 si
2094 1125 2127 1180 e
2153 1123 2330 1181 eletto

288 1246 403 1282 vno
428 1229 595 1284 luoco
622 1229 868 1301 (quando
895 1228 1117 1300 piacera
1143 1248 1176 1285 a
1203 1230 1274 1284 V.
1308 1230 1376 1283 R.
1411 1225 1554 1281 farui
1584 1223 1865 1296 collegio),
1899 1222 2066 1292 quale
2099 1220 2172 1275 da
2200 1216 2333 1274 tutti

286 1324 460 1396 quelli
489 1324 659 1381 Padri
694 1328 800 1381 che
834 1343 974 1381 sono
1009 1326 1063 1381 la
1095 1326 1127 1380 ἑ
1162 1324 1452 1397 giudicato
1485 1340 1672 1379 essere
1706 1322 1745 1375 il
1771 1320 1869 1392 pisi
1896 1317 2212 1383 commodo,
2250 1314 2334 1370 sia

289 1414 399 1477 alla
423 1421 606 1478 vtilita
632 1432 690 1478 et
728 1422 912 1479 sanita
943 1424 1017 1478 de
1049 1421 1286 1477 membri
1321 1421 1378 1476 di
1412 1429 1606 1476 nostra
1633 1415 2008 1490 Compagnia,
2037 1414 2122 1469 sia
2147 1413 2332 1469 ancho

291 1537 390 1591 per
416 1518 631 1596 aiutare
658 1519 739 1591 gli
766 1519 975 1592 populi.
1010 1521 1232 1590 Questa
1259 1527 1409 1573 terra
1435 1518 1483 1572 si
1509 1517 1730 1571 chiama
1757 1514 1925 1582 Villa,
1958 1530 2124 1583 sopra
2142 1509 2200 1565 di
2219 1528 2334 1565 vna

292 1615 516 1682 collina,
547 1614 606 1669 in
633 1633 763 1672 aere
789 1614 1106 1683 sanissimO,
1137 1623 1195 1670 et
1220 1613 1526 1669 bellissima
1551 1610 1931 1685 prospectiua,
1974 1617 2031 1665 et
2073 1609 2146 1675 fa,
2172 1625 2334 1662 come

292 1711 547 1779 intend0,
577 1710 727 1767 circa
753 1720 979 1768 sesanta
1004 1730 1038 1767 0
1064 1719 1311 1768 settanta
1347 1709 1557 1777 suochi‚
1595 1710 1743 1765 doue
1779 1708 1817 1762 il
1849 1707 2060 1779 populo
2094 1707 2126 1761 e
2161 1705 2336 1759 molto

297 1816 553 1865 amatore
579 1808 726 1865 delle
753 1807 925 1863 virui.

406 1905 519 1960 Vn'
569 1905 712 1959 altro
756 1905 922 1959 luoco
957 1903 1010 1959 ci
1046 1905 1078 1960 ἑ
1114 1912 1262 1959 stato
1296 1912 1594 1976 proposto,
1625 1902 1906 1957 chiamato
1933 1901 2054 1957 S.t0
2086 1897 2335 1965 Donin0,

294 2001 443 2056 doue
470 2018 583 2055 vno
610 2000 1008 2073 gentilhuomo
1034 2001 1268 2057 luchese
1294 2002 1368 2056 ha
1394 2018 1507 2054 vna
1526 2017 1676 2055 casa.
1703 2000 1927 2070 Questo
1946 1995 2341 2069 gentilhuomo

294 2097 372 2152 mi
397 2099 473 2153 ha
498 2097 657 2152 detto
684 2099 791 2152 che
819 2095 1088 2168 prestaria
1114 2097 1169 2151 la
1194 2114 1326 2151 casa
1348 2097 1457 2152 alla
1480 2094 1836 2167 Compagnia
1856 2111 1955 2165 per
1975 2092 2184 2163 cinque
2204 2089 2341 2146 anni

297 2213 333 2250 0
361 2202 525 2250 sette.
557 2194 602 2249 11
627 2195 834 2249 luocho
859 2196 891 2249 e
919 2193 1079 2264 quasi
1105 2211 1272 2264 sopra
1291 2194 1346 2248 13
1365 2194 1575 2262 strada,
1605 2193 1772 2263 quale
1797 2191 1965 2249 viene
1990 2190 2049 2245 di
2069 2190 2340 2245 Lombar-

296 2291 410 2358 dia,
440 2300 498 2347 et
524 2309 597 2345 va
622 2290 683 2345 in
711 2291 1041 2356 Lunexana,
1072 2299 1130 2347 et
1156 2290 1216 2345 in
1242 2291 1689 2362 Garphagnana,
1727 2288 1975 2361 perilche
2007 2289 2040 2343 e
2074 2286 2342 2359 soggieto

300 2389 371 2444 ad
396 2388 536 2460 ogni
563 2386 912 2444 monimento
939 2387 995 2441 di
1024 2387 1245 2456 sol-dati3
1277 2395 1336 2442 et
1362 2405 1480 2442 non
1505 2386 1563 2441 vi
1589 2405 1731 2442 sono
1767 2404 1829 2442 se
1864 2403 1980 2441 non
2014 2384 2166 2440 circa
2200 2402 2343 2455 qua-

303 2485 516 2556 tordecj
547 2501 697 2541 case.
731 2484 774 2545 11
792 2484 967 2553 ‘luoco
993 2485 1024 2539 e
1053 2484 1262 2553 sterile,
1294 2492 1352 2541 et
1378 2483 1547 2542 etiam
1575 2503 1675 2556 per
1708 2481 2002 2540 edificarui
2036 2492 2093 2539 et
2132 2483 2348 2538 hauere

300 2582 602 2654 larghezza
627 2580 685 2635 di
712 2581 889 2653 luogo
915 2590 973 2636 et
1001 2580 1122 2636 saxi
1143 2600 1244 2653 per
1270 2581 1557 2648 edificare,
1582 2599 1696 2636 non
1716 2580 1774 2634 vi
1794 2582 1827 2636 e
1847 2577 2207 2635 commodita.
2234 2576 2353 2633 Alli

304 2677 475 2734 Padri
507 2677 565 2732 di
592 2678 646 2732 la
673 2695 788 2732 non
817 2696 950 2749 pare
970 2678 1141 2733 molto
1170 2679 1486 2747 commod0,
1510 2677 1594 2734 sia
1613 2676 1783 2734 etiam
1804 2677 2013 2748 perche
2034 2692 2149 2731 non
2168 2675 2201 2731 ὲ
2219 2692 2355 2747 pro-

304 2774 457 2831 ximo
483 2776 555 2829 ad
582 2775 827 2830 alchuna
855 2783 1024 2844 terra,
1054 2774 1110 2829 di
1138 2776 1325 2831 donde
1345 2774 1393 2830 si
1415 2792 1699 2847 puossano
1719 2776 1932 2830 hauere
1951 2770 2354 2828 commoditadi

305 2871 363 2926 di
389 2870 591 2942 medicj
619 2880 678 2927 et
704 2871 846 2927 altre
872 2870 1240 2938 occorrentie,
1272 2871 1355 2927 sia
1381 2873 1589 2943 perche
1616 2872 1688 2926 ad
1714 2869 1851 2943 ogni
1889 2886 2122 2925 occorso
2148 2868 2207 2924 di
2235 2868 2351 2924 sol-

306 2968 423 3024 dati
448 2966 775 3040 bisognaria
813 2976 1191 3039 transportare
1228 2968 1365 3039 ogni
1405 2986 1555 3024 cosa.
1600 2969 1752 3040 Quel
1790 2966 2183 3040 gentilhuomo
2222 2965 2348 3022 dice

306 3068 414 3120 che
450 3064 584 3120 forsi
621 3064 710 3119 001
738 3070 927 3135 tempo
960 3063 1181 3135 puotria
1213 3065 1493 3137 applicare
1526 3083 1639 3120 vno
1673 3064 1892 3137 piccolo
1925 3062 2203 3119 beneficio
2242 3062 2350 3117 alla

307 3160 681 3233 Compagnia,
712 3162 820 3216 che
847 3163 918 3215 ha
944 3161 1016 3227 13,
1048 3162 1148 3216 sed
1176 3163 1316 3218 haec
1350 3171 1485 3217 sunt
1521 3162 1714 3219 verba.
1755 3163 1886 3218 Non
1922 3179 1986 3216 so
2020 3178 2182 3216 come
2217 3159 2352 3232 (non

308 3259 498 3314 dando
523 3257 604 3313 lui
642 3258 695 3312 la
733 3274 866 3312 casa
901 3258 1008 3312 alla
1042 3258 1397 3330 Compagnia
1432 3259 1633 3326 libera,
1671 3277 1833 3314 come
1869 3275 1985 3313 non
2018 3257 2146 3312 vole
2179 3256 2354 3325 darla)

312 3356 462 3411 fosse
483 3353 614 3427 puoj
638 3355 882 3411 honesto
903 3354 1123 3425 partirsi
1144 3355 1201 3409 di
1221 3356 1409 3425 quella
1431 3363 1579 3411 terra
1598 3364 1656 3412 et
1676 3355 1886 3412 andare
1905 3352 1963 3408 in
1984 3355 2145 3409 altra.
2164 3352 2354 3418 Adde,

311 3453 419 3508 che
445 3451 492 3506 si
521 3453 724 3523 puotra
749 3451 1040 3523 profittare
1068 3451 1125 3507 in
1152 3470 1264 3507 vna
1293 3462 1440 3509 terra
1469 3462 1628 3508 tanto
1656 3452 1875 3524 piccola
1901 3452 2047 3507 nelle
2082 3467 2215 3506 cose
2241 3448 2359 3520 spi-

312 3547 526 3619 ritualj?
555 3549 648 3603 Ho
674 3547 1088 3603 communicato
1115 3549 1168 3604 la
1195 3566 1328 3603 cosa
1355 3550 1442 3603 001
1481 3550 1664 3604 Padre
1690 3546 2023 3621 prouinciali
2050 3556 2108 3605 et
2144 3546 2183 3601 li
2225 3562 2358 3618 pare

313 3645 522 3718 meglio
548 3646 584 3699 l'
617 3645 760 3700 altro
786 3644 981 3716 luogo:
1014 3663 1119 3716 pur
1139 3646 1212 3700 V.
1247 3647 1314 3701 R.
1340 3645 1650 3717 giudicara.

425 3741 616 3813 Quelli
642 3740 816 3812 buonj
850 3741 1015 3812 Padrj
1047 3740 1280 3798 insieme
1306 3759 1413 3797 con
1443 3742 1478 3796 il
1505 3745 1568 3797 P.
1596 3745 1673 3799 M.
1699 3741 1908 3816 Joanni
1931 3740 2173 3798 Battista
2194 3740 2356 3811 Nag-

2618 4240 2626 4247 ⁵
2621 4203 2623 4205 ’
2624 4076 2638 4188 Αὲώυυιω,
2623 3885 2638 4062 inim-finan
2625 3800 2638 3866 natas.
2626 3754 2638 3783 ,ψῃ
2630 3687 2638 3727 *affl
2635 3668 2638 3678 r.
2635 3652 2638 3659 .
2636 3625 2638 3641 11
2626 3575 2638 3605 ,ἐς
2634 3497 2638 3506 1,
2635 3482 2638 3486 0
2636 3467 2638 3470 ,
2632 3451 2638 3455 2
2635 3408 2638 3421 -
2632 3356 2638 3397 ..st
