2638 4334
467 386 558 433 630
1080 387 1381 435 Eprsroma
1411 382 1772 441 Martia-718

408 530 510 585 per
536 529 726 569 essere
752 522 902 570 stato
924 514 1192 569 mandato
1217 512 1276 567 in
1299 513 1635 583 MorbegnO.
1670 513 1854 566 Pensa
1881 510 1936 565 la
1963 512 2032 566 R.
2064 511 2136 566 V.
2169 511 2277 567 che
2303 518 2453 566 tutta

409 609 463 664 13
491 618 641 667 terra
666 626 729 666 se
750 610 878 664 dole
905 610 1053 667 della
1073 608 1278 681 partita
1303 608 1431 663 mia.
1452 607 1549 663 Gli
1576 606 1723 674 altri,
1753 608 1861 663 che
1886 624 2072 662 sonno
2097 605 2197 678 piu
2217 605 2447 674 maturi,

407 706 615 761 dicano
651 705 731 778 gli
768 706 987 763 facemo
1020 724 1182 762 corne
1214 724 1276 761 se
1311 706 1434 762 fece
1473 704 1638 759 laltra
1677 703 1881 770 uoltra,
1930 702 2172 758 uolendo
2210 701 2448 775 sepelire

411 819 527 857 uno
553 819 726 874 corpo
752 821 858 857 suo
884 803 1151 874 lapidat0,
1183 811 1240 859 et
1266 802 1432 873 preti,
1464 820 1496 857 e
1524 799 1674 871 frati,
1705 818 1738 855 e
1764 798 2020 854 secolari.
2199 781 2203 786 ’

521 898 618 955 Gli
645 899 848 954 artifici
875 909 932 956 et
961 898 1157 971 poueri
1191 907 1249 954 et
1277 897 1508 952 citadini
1538 914 1760 954 ueneno
1794 894 2091 951 domenica
2116 914 2151 951 a
2177 894 2447 950 ritrouar-

409 1014 520 1051 me.
553 995 714 1051 Tutti
741 995 1021 1052 diceuano
1046 998 1152 1051 che
1178 996 1422 1052 douesse
1456 1003 1688 1050 restare.
1722 995 1794 1048 Et
1818 1011 1932 1047 non
1963 992 2044 1064 gli
2077 1001 2287 1064 poteua
2313 991 2449 1046 dare

408 1092 482 1147 ad
517 1091 812 1148 intendere
846 1094 954 1147 che
988 1111 1106 1147 non
1148 1100 1356 1163 poteua
1391 1091 1509 1147 fare
1553 1109 1585 1145 a
1619 1089 1733 1144 mio
1776 1090 1970 1157 modo,
2016 1090 2225 1161 perche
2258 1090 2451 1143 hanno

411 1187 560 1243 uisto
586 1187 626 1241 il
647 1197 841 1243 nostro
868 1189 1179 1260 procedere
1200 1187 1332 1259 quia
1358 1187 1480 1243 sine
1507 1186 1767 1259 pecunia:
1800 1204 1907 1258 pur
1934 1204 2042 1241 con
2069 1186 2124 1242 la
2148 1183 2334 1258 gratia
2360 1184 2453 1240 del

409 1285 473 1341 S.
505 1285 577 1340 N.
611 1303 672 1341 se
699 1293 965 1356 parterno
992 1287 1064 1341 da
1091 1285 1187 1353 mi,
1218 1286 1318 1340 sed
1347 1293 1473 1356 post
1506 1285 1543 1338 l’
1583 1286 1713 1340 Aue
1754 1282 1934 1340 Maria
1968 1300 2158 1340 uenne
2189 1280 2454 1353 maggior

410 1379 788 1449 moltitudine,
831 1391 889 1437 et
922 1381 1152 1437 disseno
1187 1383 1379 1437 uolere
1414 1380 1611 1438 uenire
1640 1399 1674 1436 a
1706 1382 1906 1436 Roma.
1940 1378 2192 1435 Alehuni
2225 1396 2319 1434 me
2344 1395 2452 1432 uo-

411 1476 578 1531 leano
605 1475 805 1548 ligare,
835 1477 993 1533 accio
1019 1496 1134 1532 non
1160 1496 1251 1534 me
1277 1485 1530 1550 partesse
1561 1478 1598 1531 ¹.
1629 1478 1719 1532 De
1746 1476 1919 1548 quelli
1956 1473 2233 1547 spirituali
2262 1473 2451 1529 tacero

409 1581 470 1628 et
511 1572 658 1629 delle
697 1573 906 1640 donne;
958 1593 1046 1629 ma
1087 1583 1241 1630 certo
1288 1582 1435 1629 tutta
1478 1574 1533 1629 la
1570 1582 1729 1630 terra
1768 1573 1952 1647 grida‚
1985 1571 2178 1645 picoli‚
2220 1568 2444 1643 grandi,

410 1667 607 1738 poueri
627 1668 819 1724 ricchi.

523 1766 567 1820 11
593 1764 791 1837 signor
818 1765 1019 1820 nonsio
1046 1767 1065 1793 ³
1097 1765 1168 1839 [e]
1198 1775 1379 1823 estato
1415 1766 1512 1839 qui
1551 1766 1738 1823 uicino
1765 1786 1799 1822 a
1833 1766 1952 1822 nui.
1986 1767 2058 1821 Et
2086 1767 2142 1821 la
2170 1766 2319 1820 fama
2346 1781 2450 1818 sua

411 1862 446 1940 e
481 1862 690 1917 andato
718 1880 818 1932 per
847 1871 995 1917 tutta
1023 1864 1076 1918 la
1104 1862 1447 1930 Ualthelina‚
1489 1866 1597 1921 che
1630 1882 1728 1920 era
1763 1864 2031 1919 mandato
2060 1864 2134 1918 da
2161 1863 2223 1920 S.
2257 1862 2318 1919 S.
2351 1879 2451 1932 per

414 1957 624 2014 uedere
649 1976 710 2013 se
738 1975 799 2012 se
820 1967 1028 2030 poteua
1055 1960 1172 2014 fare
1199 1960 1444 2015 alchuno
1481 1961 1656 2015 frutto
1690 1960 1749 2015 in
1783 1969 1986 2031 questa
2019 1960 2189 2027 ualle3
2222 1977 2315 2014 ma
2341 1956 2452 2012 mai

411 2054 484 2108 ha
512 2053 652 2108 fatto
679 2071 812 2109 cosa
840 2055 1083 2110 alchuna
1109 2074 1212 2110 sua
1238 2056 1508 2128 signoria.
1541 2057 1739 2114 Solum
1766 2075 1955 2114 uenne
1990 2074 2107 2112 uno
2133 2054 2452 2127 predicato-

412 2166 472 2204 re
498 2150 571 2204 da
597 2150 835 2206 Commo
863 2160 920 2207 et
942 2152 1167 2222 predico
1193 2171 1294 2224 per
1321 2162 1521 2223 quatre
1549 2171 1583 2208 o
1609 2153 1815 2224 cinque
1835 2152 2041 2226 giomi;
2073 2151 2208 2224 puoi
2235 2152 2297 2207 se
2324 2170 2454 2223 par-

412 2244 537 2314 tito,
575 2256 633 2302 et
672 2248 785 2302 nhe
819 2248 1027 2302 andato
1062 2266 1169 2303 con
1201 2267 1304 2303 sua
1339 2249 1590 2321 signoria
1625 2268 1658 2305 a
1693 2251 1954 2306 Commo.
1993 2251 2065 2304 Et
2100 2266 2215 2304 uno
2250 2249 2393 2303 altro
2420 2248 2452 2303 e

411 2341 509 2412 qui
536 2344 629 2399 nel
655 2354 959 2399 conuento.
993 2345 1111 2401 Sua
1137 2346 1387 2417 signoria
1407 2356 1635 2402 retorna
1660 2365 1692 2402 a
1713 2348 1911 2402 Roma:
1937 2347 2107 2403 credo
2135 2346 2187 2399 al
2214 2363 2449 2417 presen-

413 2446 469 2492 te
506 2438 623 2494 scia
663 2458 762 2510 per
802 2440 914 2495 uia.
947 2441 1029 2496 La
1068 2443 1135 2496 R.
1169 2443 1240 2496 V.
1286 2445 1446 2513 potra
1484 2442 1779 2499 intendere
1818 2460 1983 2498 come
2027 2442 2081 2497 le
2119 2459 2256 2497 cose
2301 2441 2450 2497 della

414 2534 737 2591 Ualthelina
764 2553 974 2591 uann0.
1014 2538 1072 2591 Io
1108 2537 1341 2593 intendo
1377 2541 1482 2594 che
1534 2539 1615 2611 gli
1655 2538 1891 2596 heretici
1926 2541 2039 2594 nhe
2075 2539 2248 2593 fanno
2283 2538 2447 2603 festa,

412 2632 621 2702 perche
655 2633 879 2688 uedeno
913 2634 1020 2689 che
1054 2652 1114 2688 se
1161 2635 1192 2688 ἑ
1238 2634 1445 2706 partito
1481 2636 1619 2703 cosi,
1659 2655 1830 2692 senza
1865 2636 1982 2691 fare
2017 2653 2150 2690 cosa
2186 2635 2448 2691 alchuna.

415 2726 585 2783 Pensi
607 2727 661 2781 la
681 2728 747 2783 R.
775 2728 848 2783 V.
874 2730 980 2783 che
1004 2731 1235 2799 parlano
1255 2744 1469 2801 quanto
1497 2731 1535 2786 il
1556 2731 1822 2788 demonio
1849 2731 1929 2804 gli
1951 2750 2100 2804 pone
2127 2731 2186 2785 in
2214 2731 2451 2785 boccha.

413 2822 570 2877 Hore
597 2824 743 2879 ueda
778 2824 832 2879 13
870 2825 937 2879 R.
972 2826 1043 2879 V.
1082 2828 1188 2882 che
1223 2844 1355 2882 cosa
1389 2827 1631 2900 importa
1669 2829 1805 2886 dare
1841 2846 1956 2883 uno
1996 2826 2293 2899 principio,
2325 2826 2455 2898 puoi

413 2917 645 2973 lassarlo
672 2921 790 2974 cosi
818 2919 1160 2992 imperfetto.
1196 2925 1289 2978 Ma
1311 2942 1422 2977 non
1453 2925 1634 2979 solum
1663 2924 1742 2996 gli
1764 2924 2021 2991 heretici,
2052 2923 2221 2980 etiam
2251 2922 2331 2995 gli
2359 2940 2456 2977 ca·

412 3013 605 3069 tholici
640 3034 702 3072 se
739 3016 1152 3088 marauigliano
1188 3019 1258 3075 de
1295 3020 1371 3073 tal
1406 3020 1630 3091 partita.
1677 3020 1847 3078 Siche
1880 3040 1983 3093 per
2023 3022 2078 3076 la
2112 3038 2216 3076 sua
2248 3018 2453 3091 partita

412 3110 603 3165 hanno
630 3112 703 3167 da
728 3111 849 3169 dire
877 3112 956 3184 gli
987 3114 1270 3180 maleuoli‚
1302 3125 1359 3170 et
1385 3116 1651 3171 contrarii
1673 3118 1782 3173 alla
1808 3117 2018 3175 chesia.

507 3304 517 3330 ¹
583 3302 854 3362 POLANCO,
889 3311 925 3351 t.
960 3316 1030 3363 111,
1064 3318 1175 3364 pag.
1200 3294 1311 3364 ⁶129,
1344 3321 1392 3351 n.
1429 3307 1515 3364 256
1548 3308 1747 3353 uberius
1784 3322 1887 3353 rem
1921 3309 2152 3369 explicat,
2181 3321 2452 3367 causasque

410 3375 558 3420 etiam
580 3377 739 3436 affert,
762 3391 848 3423 cur
870 3385 1006 3424 tanto
1029 3378 1187 3424 Patris
1210 3379 1486 3425 Galvanelli
1513 3381 1758 3427 desiderio
1781 3382 2043 3442 flagrarent
2067 3382 2452 3429 morbenienses:

410 3450 527 3495 «Est
549 3459 712 3496 autem
744 3452 1068 3508 intellectum,
1102 3454 1231 3513 quod
1255 3468 1351 3500 non
1374 3456 1529 3500 solum
1554 3455 1819 3515 spiritualis
1849 3456 2038 3502 fructus
2070 3458 2456 3515 Morbegnenses

411 3522 471 3567 ad
494 3523 801 3570 retinendum
825 3525 879 3571 P.
906 3525 1153 3571 Andream
1177 3526 1429 3582 incitabat,
1463 3528 1550 3572 sed
1573 3528 1703 3587 quod
1727 3529 1850 3589 ipse,
1883 3531 2185 3591 paupertatis
2208 3530 2457 3576 studiosus

410 3603 461 3641 et
485 3597 773 3644 tenuissimo
796 3599 930 3645 victu
952 3613 1008 3644 ac
1032 3601 1216 3645 vestitu
1239 3609 1518 3654 contentus,
1544 3616 1640 3647 non
1663 3604 1820 3648 solum
1848 3618 2083 3650 onerosus
2106 3619 2202 3651 non
2225 3612 2348 3662 erat,
2370 3601 2458 3648 sed

409 3669 569 3730 aliqua
592 3672 941 3732 emolumenta,
957 3686 1082 3733 quae
1106 3675 1343 3732 parochus
1365 3689 1539 3734 capere
1563 3685 1908 3737 consueverat,
1928 3680 2297 3739 aspernabatur;
2317 3685 2367 3723 et
2390 3676 2456 3721 ita

413 3743 736 3802 minabantur,
755 3746 797 3792 si
821 3745 933 3792 inde
952 3746 993 3791 is
1016 3756 1367 3807 removeretur,
1388 3750 1688 3795 haereticum
1706 3751 1918 3811 aliquem
1941 3767 1995 3799 se
2014 3760 2329 3800 vocaturos...
2355 3749 2457 3796 Alii

408 3816 470 3861 dc
494 3832 552 3862 eo
577 3818 771 3877 ligando
792 3821 1028 3879 agebant,
1051 3835 1111 3865 ne
1135 3821 1406 3867 recederet:
1439 3823 1520 3868 alii
1544 3823 1746 3868 Romam
1770 3839 1822 3870 se
1847 3834 2081 3873 venturos
2102 3826 2392 3872 dicebant.»

498 3893 517 3920 ¹
581 3893 758 3939 Paulus
790 3893 1109 3941 Odescalcus.
