2638 4334
412 324 495 384 ¹⁶4
1027 324 1327 372 Eum-oux
1354 322 1718 384 Maru-553

453 454 510 509 A
534 450 629 508 doi
656 451 783 508 altri
807 451 953 525 preti
978 470 1013 508 a
1037 451 1383 508 condannati
1408 450 1469 507 in
1503 466 1564 523 15
1592 451 1755 508 scudi
1783 469 1884 523 per
1908 468 2053 517 uno,
2091 461 2149 509 et
2183 460 2395 522 quaeto

340 557 542 605 contra
566 547 706 621 ogni
731 547 987 621 ragione.

452 646 627 701 Tutte
653 653 856 717 queste
881 662 1014 702 cose
1038 644 1087 701 si
1113 644 1320 701 dicono
1356 644 1803 717 publicamente,
1839 661 1933 700 ma
1964 643 2014 700 si
2039 643 2242 699 dubita
2277 646 2385 700 che.

338 741 424 815 gli
467 741 612 814 preti
656 757 773 796 non
796 740 860 798 vle
898 758 1112 797 uorano
1145 739 1451 796 testificare
1484 757 1582 812 per
1615 738 1857 795 dubbito
1888 740 1982 798 del
2027 739 2242 797 uicario
2287 740 2382 813 gia

339 838 500 897 detto
543 836 603 893 di
637 836 912 905 Mariana,
949 837 1106 910 pero,
1154 836 1203 893 si
1248 838 1385 909 par&
1428 855 1463 893 a
1507 838 1580 892 V.
1632 837 1701 892 R.
1751 843 1900 892 tutte
1942 836 2018 892 de
2060 837 2283 894 notarle
2329 838 2380 892 al

342 938 410 991 P.
442 936 516 992 M.
548 932 841 1007 Ingnazio‚
873 934 994 991 fara
1018 932 1112 991 lei.

450 1031 674 1103 Questo
698 1030 808 1087 che
833 1028 882 1085 si
906 1029 1031 1087 dira
1061 1028 1304 1098 disotto,
1341 1028 1800 1086 euidentemente
1832 1027 1882 1084 si
1917 1030 2052 1101 puol
2083 1038 2383 1098 mostrare,

338 1127 424 1183 sia
467 1143 571 1200 per
612 1124 654 1181 il
697 1143 988 1199 processo,
1038 1125 1123 1182 sia
1172 1144 1273 1197 per
1323 1125 1450 1181 altri
1502 1124 1808 1194 testimoni,
1863 1142 2027 1181 come
2078 1144 2174 1183 um
2221 1136 2382 1199 prete

337 1222 523 1282 Gier:
548 1223 623 1281 de
650 1223 812 1289 Lota,
841 1223 935 1278 ch'
963 1222 1082 1278 cosi
1108 1223 1280 1279 credo
1305 1223 1411 1277 che
1434 1220 1483 1277 si
1509 1221 1801 1288 domandi,
1832 1221 1970 1294 pero
1997 1222 2070 1278 V.
2116 1223 2179 1279 R.
2210 1240 2275 1280 se
2308 1241 2383 1279 ne

338 1320 663 1387 informarit,
692 1336 727 1375 a
752 1317 964 1374 uiolato
994 1336 1106 1374 una
1132 1336 1236 1374 sua
1262 1318 1473 1390 nipote,
1502 1336 1535 1374 e
1555 1319 1877 1390 guastatola
1895 1334 2030 1374 cosa
2050 1317 2297 1390 publica,
2322 1328 2379 1376 et

338 1434 440 1489 per
463 1425 666 1489 quoeto
693 1416 754 1471 fu
780 1415 874 1471 dal
899 1416 1126 1471 sudetto
1152 1414 1247 1487 gia
1271 1414 1485 1470 vicario
1512 1413 1759 1487 piouano
1784 1415 1859 1470 da
1886 1415 2061 1472 Casta
2099 1414 2387 1487 castigato

335 1532 371 1571 e
394 1513 631 1570 bandito
654 1513 727 1568 de
751 1513 806 1568 la
830 1511 1035 1578 insula,
1064 1529 1098 1567 e
1125 1529 1223 1583 per
1249 1511 1380 1583 quel
1406 1512 1499 1565 ch'
1528 1510 1576 1566 si
1602 1510 1727 1566 dice
1753 1512 1846 1567 dal
1879 1512 2039 1569 detto
2074 1514 2154 1568 M.
2190 1510 2377 1568 Gioan

340 1609 581 1667 Battista
613 1610 647 1666 ὲ
678 1618 828 1665 stato
860 1607 1096 1665 rimesso
1133 1625 1232 1680 per
1266 1607 1481 1675 danari,
1510 1617 1569 1663 et
1603 1609 1636 1663 ὁ
1671 1616 1895 1664 tornato
1929 1627 1963 1664 a
2001 1626 2134 1665 casa
2158 1626 2284 1677 sua,
2321 1609 2383 1664 di

335 1706 509 1763 modo
534 1707 642 1762 che
666 1704 706 1760 il
731 1705 906 1778 padre
938 1704 1010 1759 de
1042 1705 1097 1759 13
1132 1705 1289 1761 detta
1321 1722 1571 1776 gatzona
1602 1723 1635 1760 e
1670 1703 1796 1759 suoi
1830 1713 2067 1776 parente
2104 1722 2216 1761 con
2248 1722 2381 1762 oeso

336 1811 516 1876 prete,
547 1800 765 1875 parenti
791 1820 825 1858 e
849 1800 1034 1868 amici,
1066 1809 1213 1855 tutto
1240 1800 1278 1854 il
1305 1800 1508 1872 giorno
1533 1809 1698 1856 stano
1724 1818 1834 1856 con
1859 1818 2015 1858 arme
2039 1800 2100 1856 in
2126 1802 2317 1869 (10350,
2345 1818 2381 1857 e

333 1899 382 1955 si
406 1897 666 1965 dubbita,
696 1914 759 1953 se
785 1896 904 1952 Idio
929 1914 1043 1952 non
1079 1897 1348 1969 prouede,
1379 1897 1436 1951 d'
1467 1896 1775 1969 homicidij.

451 1996 464 2023 ¹
494 1994 658 2051 Nelle
683 1992 1019 2065 depositioni
1047 1995 1152 2048 che
1174 1993 1340 2049 furon
1365 1993 1500 2050 fatte
1518 1994 1572 2048 al
1593 1992 1889 2065 principio,
1914 1993 2067 2051 disse
2087 1993 2125 2048 il
2144 1994 2381 2067 signore

334 2091 578 2148 Alfonso
603 2091 659 2145 d'
691 2090 1048 2161 Lerbalonga
1074 2090 1399 2160 qualmente
1426 2099 1583 2161 prete
1612 2089 1868 2146 Antonio
1901 2091 1974 2147 de
2010 2090 2278 2148 Calatoni
2302 2092 2378 2146 ha

333 2188 534 2243 robato
561 2188 616 2243 13
640 2187 831 2242 donna
857 2195 914 2242 et
942 2186 1150 2258 moglie
1174 2185 1230 2239 di
1259 2187 1511 2241 Necroso
1537 2187 1610 2241 da
1637 2188 1855 2242 Errona
1884 2188 1957 2244 de
1978 2188 2299 2256 Valoroste,
2322 2188 2378 2243 la

331 2284 499 2355 quale
522 2300 620 2340 era
644 2300 749 2339 sua
774 2299 1017 2348 oornare,
1047 2291 1105 2337 et
1131 2282 1332 2339 adesso
1359 2283 1413 2337 la
1440 2282 1591 2339 tiene
1624 2291 1683 2338 et
1716 2285 1790 2339 no
1815 2285 1891 2339 ha
1924 2283 2022 2356 pit‘1
2051 2283 2273 2357 figlioli,
2316 2293 2375 2340 et

332 2398 433 2452 per
458 2379 550 2436 cio
576 2379 637 2435 fu
662 2378 758 2434 dal
776 2377 987 2434 vicario
1011 2377 1068 2433 di
1092 2378 1363 2445 Mariana,
1405 2381 1482 2435 M.
1515 2378 1705 2436 Gioan
1733 2380 1997 2447 Battista,
2041 2380 2280 2453 pigliato
2317 2390 2378 2437 et

332 2485 534 2535 tenuto
558 2493 637 2531 un
664 2475 870 2548 giorno
895 2474 953 2529 in
979 2474 1256 2548 prigione:
1288 2477 1343 2531 lo
1369 2479 1442 2533 ha
1475 2478 1743 2533 mandato
1776 2496 1810 2533 a
1849 2495 2000 2544 casa,
2044 2495 2217 2535 senza
2258 2479 2377 2534 fare

330 2572 471 2629 altra
498 2570 774 2645 giustitia.

441 2670 520 2725 M.
579 2668 904 2739 Aroengelo
936 2668 1008 2724 de
1043 2668 1383 2735 Visolachia‚
1414 2669 1472 2724 di
1499 2671 1544 2726 F
1546 2688 1792 2743 auagm,
1821 2672 1929 2726 che
1963 2669 2285 2728 Vicentello
2315 2670 2374 2726 di

328 2765 491 2823 detto
516 2765 647 2821 loco
671 2773 730 2822 et
754 2763 945 2821 Gioan
968 2766 1165 2831 Pau10,
1190 2769 1298 2820 s'uo
1322 2766 1561 2832 frate110,
1586 2767 1853 2824 hauendo
1871 2766 1910 2822 li
1931 2766 2117 2823 turchi
2138 2765 2374 2839 pigliata

328 2861 382 2917 13
406 2878 512 2917 sua
537 2859 770 2933 moglie,
801 2869 859 2916 et
884 2861 1181 2932 sapendosi
1209 2881 1307 2933 per
1329 2862 1630 2934 testimonij
1654 2866 1761 2919 che
1780 2865 1819 2918 l'
1844 2881 1922 2919 un
1943 2872 2002 2921 et
2020 2864 2183 2919 laltra
2211 2862 2367 2931 uiue,

326 2957 400 3014 ne
426 2958 539 3014 han
567 2957 709 3013 tolto
744 2973 822 3011 un
857 2957 1018 3023 altra,
1054 2966 1111 3012 et
1145 2958 1294 3030 dopo
1327 2960 1380 3013 13
1405 2969 1586 3016 morte
1611 2959 1668 3014 di
1709 2961 1897 3031 quella
1935 2959 2257 3018 Vicentello
2295 2963 2370 3017 ha

325 3069 496 3125 proeo
522 3053 577 3108 13
604 3061 779 3120 terza,
808 3061 867 3109 et
893 3054 1134 3109 essendo
1161 3054 1401 3125 separati
1430 3055 1520 3109 dal
1549 3057 1809 3127 predetto
1835 3055 2046 3113 vicario
2072 3056 2131 3112 di
2159 3057 2368 3114 Maria-

326 3158 420 3233 ης,
452 3165 598 3222 poco
623 3149 793 3221 dop0,
823 3166 994 3204 senza
1022 3150 1162 3205 altra
1190 3169 1354 3221 pena,
1384 3152 1438 3208 le
1466 3154 1658 3208 hanno
1685 3153 1990 3226 ripigliate.

438 3244 762 3317 Inscriptio:
787 3244 1186 3302 Informatione
1213 3246 1285 3302 de
1305 3249 1395 3319 J0.
1431 3250 1627 3320 Bap.ta
1662 3249 1832 3306 Titio.

435 3342 569 3397 Alia
595 3358 795 3396 manu:
820 3340 1219 3397 Informatione
1245 3343 1334 3398 del
1366 3345 1589 3399 Vicario
1615 3346 1671 3400 di
1703 3347 1976 3416 Mariana,
2007 3358 2117 3406 etc.

417 3498 428 3525 ⁸
493 3498 635 3556 Quae
657 3504 927 3557 sequuntur
948 3496 1118 3543 eadem
1145 3513 1287 3544 manu
1310 3508 1506 3545 exarata
1530 3510 1642 3547 sunt
1662 3517 1718 3547 ac
1737 3502 1817 3548 illa
1835 3518 1960 3565 quae
1977 3505 2209 3564 leguntur
2227 3505 2276 3551 in
2294 3504 2365 3550 ul-

323 3569 442 3615 tima
464 3568 664 3631 ¹periodo
684 3570 922 3631 epistolae
946 3570 1102 3617 Patris
1130 3572 1331 3619 Gornes:
1373 3573 1512 3620 «Non
1553 3577 1745 3622 restani
1778 3579 1873 3639 gia
1908 3579 2042 3626 dire.
2061 3613 2073 3626 .
2091 3613 2104 3626 .
2140 3593 2242 3626 non
2274 3582 2363 3641 po—

322 3643 529 3690 tendum
