2638 4334
1060 296 1114 343 18
1145 297 1280 357 Jum
1315 297 1429 355 1553
2107 315 2190 360 401

228 426 369 480 fatto
395 443 510 480 uno
534 424 786 479 discorso
829 424 976 480 della
1002 441 1107 478 sua
1137 422 1255 478 vita
1287 432 1346 478 et
1380 423 1750 479 Conuersione
1785 427 1836 480 al
1883 428 2131 499 Signor’,
2162 432 2248 485 di-

225 520 487 577 cendomi
511 511 619 577 che
643 519 835 575 auanti
856 522 961 575 che
980 520 1035 575 13
1054 518 1408 591 Compagnia
1425 521 1667 575 hauesse
1687 522 1926 592 collegio
1946 523 2001 578 in
2025 528 2245 598 Napoli,

230 618 310 673 lui
324 618 509 674 hebbe
530 617 747 688 grande
766 616 1044 672 desiderio
1061 617 1134 671 de
1154 617 1328 672 esser'
1352 615 1618 687 religioso
1636 617 1707 670 de
1728 627 1892 672 santo
1917 622 2248 692 BenedettO,

230 722 289 769 et
315 731 421 769 suo
445 721 602 784 patre
628 712 674 767 si
708 721 1069 779 contentaua,
1108 710 1235 767 anci
1268 712 1324 766 lo
1352 712 1677 783 pesuadeua
1702 714 1808 769 che
1835 714 1881 768 si
1918 717 2127 772 facesse
2164 739 2254 776 re-

230 809 454 881 ligioso.
502 808 687 880 Dopoi
731 811 837 864 che
864 808 900 862 il
947 808 1188 881 collegio
1232 808 1379 864 della
1424 808 1778 879 Compagnia
1824 811 1884 864 fu
1930 811 1984 865 in
2033 816 2253 885 Napoli,

234 906 495 962 uedendo
520 905 559 959 il
585 906 753 960 modo
777 903 1324 976 della-Compagnia,
1354 903 1393 958 li
1419 903 1658 975 piaeque
1684 906 1856 960 molto
1883 916 1940 962 et
1966 926 2026 964 se
2046 911 2259 968 delibe-

235 1002 297 1055 ro
323 1002 395 1056 de
420 1002 599 1056 uoler'
629 1001 846 1069 intrar',
877 1019 983 1072 pur
1008 1002 1115 1057 che
1141 1000 1179 1055 li
1208 999 1377 1055 Padri
1403 1001 1459 1054 lo
1486 1000 1771 1056 uolessero
1797 1008 2061 1058 accettar’
2087 1015 2142 1061 et
2162 1007 2260 1078 piu

231 1115 266 1152 e
293 1097 390 1169 piu
430 1099 583 1154 uolte
622 1098 780 1169 parlo
806 1114 914 1152 con
940 1098 979 1151 li
1029 1096 1219 1163 Padri,
1268 1096 1533 1151 accioche
1569 1096 1624 1151 lo
1658 1106 2055 1167 accettassero,
2094 1101 2133 1154 il
2159 1106 2264 1159 che

234 1193 581 1250 intendendo
625 1194 679 1248 13
705 1211 808 1248 sua
833 1194 1044 1259 madre,
1075 1195 1129 1248 lo
1156 1191 1328 1248 retiro
1364 1192 1510 1248 dalle
1545 1201 1737 1248 nostre
1773 1195 1984 1260 schole,
2023 1214 2115 1252 ma
2159 1217 2265 1269 pur

233 1290 385 1361 dopo
411 1289 578 1361 pochi
603 1289 787 1361 giomi
814 1288 853 1343 li
874 1306 1141 1344 concesse
1162 1290 1269 1344 che
1289 1289 1530 1344 andasse
1549 1288 1604 1343 al
1622 1288 1867 1360 collegio
1886 1291 1957 1344 ad
1978 1290 2263 1363 imparar',

236 1395 295 1441 et
321 1385 401 1441 l‘ui
424 1386 840 1458 perseuerando
864 1385 958 1440 nel
984 1384 1292 1439 medesimo
1318 1383 1597 1442 desiderio
1622 1384 1696 1441 de
1722 1384 1916 1441 intras*
1927 1428 1939 1452 ,
1970 1395 2028 1442 et
2053 1390 2262 1446 ueden-

235 1484 312 1537 do
336 1485 443 1537 che
469 1482 507 1536 li
537 1481 707 1537 Padri·
732 1500 847 1536 non
872 1482 928 1536 lo
954 1489 1333 1537 accettauano·
1352 1488 1509 1536 tanto
1536 1489 1725 1551 presto
1751 1499 1913 1539 come
1939 1483 2018 1536 lui
2039 1486 2271 1542 haueria

241 1579 458 1647 uoluto,
487 1596 554 1634 se·
575 1561 987 1636 determincffle
1029 1576 1209 1631 venir’
1247 1595 1280 1632 a
1314 1579 1494 1632 Roma
1518 1587 1552 1634 a·
1586 1579 1658 1633 v.
1693 1579 1761 1633 R.
1814 1580 1905 1646 P.,
1937 1588 1995 1635 et
2039 1580 2187 1637 intre>
2214 1583 2272 1638 in

242 1693 360 1730 una>
380 1675 621 1746 fragata,
651 1693 743 1730 ma
769 1692 870 1746 per
894 1673 933 1728 il
955 1682 1129 1730 uento
1147 1673 1441 1728 contrario
1456 1675 1660 1729 furono
1677 1683 1990 1732 constretto
2011 1676 2270 1735 ritornar’

238 1790 274 1826 a
299 1771 524 1843 Napoli,
553 1780 612 1827 et
638 1772 756 1827 cosi
799 1770 880 1825 lui
904 1788 1021 1826 non
1045 1772 1186 1842 pote·
1222 1769 1549 1841 conseguir'
1586 1770 1626 1824 il
1664 1789 1769 1826 suo
1802 1771 2041 1827 intento,
2082 1776 2127 1829 F
2130 1774 2274 1830 inal—

239 1877 430 1925 mente
466 1869 723 1926 venendo
756 1867 817 1923 in'
842 1867 1051 1939 Napoli
1081 1867 1119 1922 il
1156 1867 1341 1924 Padi-e
1380 1868 1441 1923 M
1448 1880 1521 1922 ‚ro
1557 1867 1909 1939 Hieronymo
1938 1861 2274 1928 'Domeneeh

237 1983 349 2020 con
373 1964 413 2020 li
434 1965 560 2020 altri
588 1965 758 2020 Padri
782 1973 844 2020 et-
868 1964 1073 2021 frat'elli‘
1095 1982 1198 2036 per
1224 1975 1419 2035 passas
1443 1963 1502 2019 in
1522 1961 1734 2031 Sicilia,
1765 1973 1824 2020 et
1841 1964 2270 2035 intendendolo,

241 2080 303 2117 se
329 2061 500 2118 misse
525 2061 674 2116 nella
698 2060 1004 2116 medesima
1033 2071 1186 2117 naue
1209 2069 1267 2116 et
1287 2061 1454 2132 passo
1481 2059 1540 2114 in
1574 2059 1785 2127 Sicilia,
1823 2062 1974 2118 doue
2000 2065 2138 2118 hora
2165 2073 2271 2131 sta,

241 2168 302 2216 et
334 2175 557 2230 sempre
599 2176 709 2213 con
742 2159 797 2213 la
829 2156 1017 2230 grafia
1050 2157 1143 2212 del
1183 2157 1395 2229 Signor
1432 2158 1466 2212 e
1501 2165 1652 2212 stato
1691 2165 1750 2214 et
1788 2168 2126 2214 conuersato
2165 2178 2276 2215 con

244 2257 420 2311 molta
443 2254 819 2321 edificatione,
852 2255 1091 2309 facendo
1110 2271 1335 2325 sempre
1354 2270 1660 2326 progresso
1679 2255 1826 2309 nelle
1845 2256 2046 2312 lettere
2066 2265 2123 2312 et
2144 2257 2278 2312 boni

242 2350 507 2418 costumi,
546 2360 605 2408 et
641 2352 949 2407 crescendo
985 2367 1205 2421 sempre
1233 2350 1294 2404 in
1320 2349 1631 2407 obedienza
1662 2359 1721 2406 et
1746 2351 1986 2407 humilta
2015 2361 2073 2407 et
2103 2354 2281 2408 deuo-

246 2448 419 2516 tione;
467 2447 715 2519 perilche
759 2447 893 2502 tutti
936 2446 1240 2502 habbiamo
1285 2447 1505 2519 g'rande
1548 2447 1926 2518 espettatione
1970 2448 2030 2502 di
2081 2457 2281 2518 questo

245 2545 479 2618 figliolo,
510 2554 570 2600 et
595 2544 691 2616 gia
715 2546 790 2599 ha
826 2544 967 2600 fatto
991 2552 1128 2599 uoto
1154 2544 1227 2598 de
1259 2546 1433 2599 esser'
1463 2543 1611 2599 della
1646 2544 2020 2616 Compagnia‚
2052 2545 2130 2599 dil
2175 2546 2280 2599 che

245 2641 330 2697 sia
354 2660 575 2713 sempre
599 2642 830 2696 laudato
855 2640 1037 2697 Giesu
1069 2639 1317 2696 Christo,
1358 2641 1581 2711 Questo
1609 2642 1663 2707 e,
1703 2641 1910 2709 Padre,
1959 2642 2147 2711 quello
2173 2643 2280 2696 che

247 2740 326 2792 ho
351 2737 537 2794 inteso
562 2738 636 2792 da
661 2736 761 2804 lui,
792 2745 850 2793 et
875 2753 974 2808 per
999 2735 1287 2808 maggior'
1315 2735 1695 2808 intelligentia
1718 2735 1759 2790 li
1785 2739 1861 2791 ho
1883 2738 2024 2791 fatto
2044 2736 2278 2792 scriuer’

250 2855 284 2890 a
307 2835 389 2888 lui
414 2843 564 2890 tutto
598 2842 799 2904 questo
832 2843 1113 2902 socces'SO,
1151 2834 1322 2903 quale
1364 2834 1572 2888 mando
1607 2851 1709 2904 per
1734 2833 1829 2888 uia
1861 2834 1932 2890 de
1975 2832 2223 2889 Messina
2250 2850 2283 2885 a

252 2934 326 2988 V.
357 2933 427 2987 R.
459 2933 526 2987 P.
564 2933 598 2985 ¹.
632 2932 760 2985 Non
787 2931 952 2998 altre,
981 2948 1045 2985 se
1070 2947 1187 2984 non
1213 2931 1321 2986 che
1354 2929 1490 2983 tutti
1522 2929 1893 2986 humilmente
1933 2948 1994 2985 se
2033 2945 2284 2982 raccom-

253 3026 574 3083 mandiamo
600 3028 707 3083 alle
735 3025 993 3082 oratione
1016 3026 1089 3083 de
1109 3027 1180 3081 V.
1214 3028 1284 3081 R.
1317 3027 1384 3081 P.
1411 3028 1500 3081 De
1528 3026 1790 3082 Palermo
1816 3025 1909 3079 alli
1943 3025 2005 3079 18
2040 3025 2112 3079 de
2138 3022 2284 3078 Giu-

254 3126 331 3180 lio
367 3138 522 3195 1553.
549 3126 624 3179 D.
657 3125 729 3178 V.
761 3124 832 3178 R.
864 3116 928 3178 P.
955 3121 1354 3195 indignissimo
1383 3140 1551 3179 seruo
1577 3121 1637 3176 in
1662 3121 1844 3178 Giesu
1871 3119 2117 3176 Christo,

1384 3219 1592 3273 PAOLo
1620 3235 1699 3272 DE
1720 3234 1938 3273 ACHILL
1941 3233 1988 3283 J.

369 3318 692 3388 Inscriptio:
742 3315 779 3388 ἦ·
822 3315 899 3371 ΑΙ
942 3315 1118 3370 molto
1168 3313 1306 3370 R.d0
1358 3313 1418 3367 in
1468 3313 1699 3369 Christo
1753 3313 1956 3377 Padre‚
2012 3310 2050 3363 il
2104 3310 2285 3364 Padre

193 3400 195 3402 ’
259 3416 336 3469 Μ.
368 3413 586 3485 Ignatio
632 3413 703 3467 de
744 3411 975 3482 Loyola,
1026 3410 1310 3481 preposito
1357 3409 1624 3481 generale
1659 3409 1806 3462 della
1851 3403 2201 3476 Compagnia
2227 3403 2285 3457 di

255 3510 457 3567 Giesu.
489 3511 544 3565 A
572 3511 768 3564 Roma.

351 3719 364 3744 ¹
428 3714 554 3759 Vide
572 3714 723 3774 epist.
747 3719 1052 3773 sequentem.

443 3899 684 3936 El’lsToLAss
708 3897 887 3941 Minu.
912 3905 1007 3933 ron.
1033 3905 1095 3932 111.
2073 3887 2116 3921 26
