<?xml version="1.0" encoding="UTF-8"?>
<!DOCTYPE html PUBLIC "-//W3C//DTD XHTML 1.0 Transitional//EN"
    "http://www.w3.org/TR/xhtml1/DTD/xhtml1-transitional.dtd">
<html xmlns="http://www.w3.org/1999/xhtml" xml:lang="en" lang="en">
 <head>
  <title>
</title>
<meta http-equiv="Content-Type" content="text/html;charset=utf-8" />
  <meta name='ocr-system' content='tesseract 3.04.00' />
  <meta name='ocr-capabilities' content='ocr_page ocr_carea ocr_par ocr_line ocrx_word'/>
</head>
<body>
  <div class='ocr_page' id='page_1' title='image "./epistolaemixtaee03matruoft_0353.png"; bbox 0 0 2638 4334; ppageno 0'>
   <div class='ocr_carea' id='block_1_1' title="bbox 971 294 2174 368">
    <p class='ocr_par' dir='ltr' id='par_1_1' title="bbox 971 294 2174 368">
     <span class='ocr_line' id='line_1_1' title="bbox 971 294 2174 368; baseline 0.005 -19"><span class='ocrx_word' id='word_1_1' title='bbox 971 294 976 297; x_wconf 73' lang='grc'><strong>’</strong></span> <span class='ocrx_word' id='word_1_2' title='bbox 1007 315 1064 362; x_wconf 81' lang='lat'><strong>24</strong></span> <span class='ocrx_word' id='word_1_3' title='bbox 1096 304 1239 362; x_wconf 83' lang='lat' dir='ltr'><strong>Jmm</strong></span> <span class='ocrx_word' id='word_1_4' title='bbox 1274 302 1387 361; x_wconf 89' lang='lat'>1553</span> <span class='ocrx_word' id='word_1_5' title='bbox 2086 309 2174 368; x_wconf 84' lang='lat'><strong>347</strong></span> 
     </span>
    </p>
   </div>
   <div class='ocr_carea' id='block_1_2' title="bbox 183 429 2238 3390">
    <p class='ocr_par' dir='ltr' id='par_1_2' title="bbox 188 429 2238 3197">
     <span class='ocr_line' id='line_1_2' title="bbox 198 429 2232 502; baseline 0.002 -14"><span class='ocrx_word' id='word_1_6' title='bbox 198 442 259 488; x_wconf 87' lang='lat' dir='ltr'><strong>to</strong></span> <span class='ocrx_word' id='word_1_7' title='bbox 294 434 332 500; x_wconf 88' lang='lat'><strong>¹,</strong></span> <span class='ocrx_word' id='word_1_8' title='bbox 364 431 441 485; x_wconf 93' lang='lat' dir='ltr'><strong>mi</strong></span> <span class='ocrx_word' id='word_1_9' title='bbox 468 432 501 486; x_wconf 80' lang='grc'><strong>6</strong></span> <span class='ocrx_word' id='word_1_10' title='bbox 535 448 702 502; x_wconf 89' lang='lat' dir='ltr'><strong>parso</strong></span> <span class='ocrx_word' id='word_1_11' title='bbox 749 429 936 486; x_wconf 89' lang='lat' dir='ltr'><strong>auisar</strong></span> <span class='ocrx_word' id='word_1_12' title='bbox 962 448 994 485; x_wconf 87' lang='lat' dir='ltr'><strong>a</strong></span> <span class='ocrx_word' id='word_1_13' title='bbox 1031 431 1104 486; x_wconf 93' lang='lat' dir='ltr'><strong>V.</strong></span> <span class='ocrx_word' id='word_1_14' title='bbox 1145 430 1214 484; x_wconf 90' lang='lat' dir='ltr'><strong>R.</strong></span> <span class='ocrx_word' id='word_1_15' title='bbox 1264 446 1445 496; x_wconf 92' lang='lat' dir='ltr'><strong>come,</strong></span> <span class='ocrx_word' id='word_1_16' title='bbox 1494 430 1661 502; x_wconf 92' lang='lat' dir='ltr'><strong>depoi</strong></span> <span class='ocrx_word' id='word_1_17' title='bbox 1706 434 1812 488; x_wconf 87' lang='lat' dir='ltr'><strong>che</strong></span> <span class='ocrx_word' id='word_1_18' title='bbox 1857 435 2177 491; x_wconf 89' lang='lat' dir='ltr'><strong>venessimo</strong></span> <span class='ocrx_word' id='word_1_19' title='bbox 2200 456 2232 492; x_wconf 91' lang='lat' dir='ltr'><strong>a</strong></span> 
     </span>
     <span class='ocr_line' id='line_1_3' title="bbox 198 524 2232 598; baseline 0.003 -15"><span class='ocrx_word' id='word_1_20' title='bbox 198 531 335 584; x_wconf 82' lang='lat' dir='ltr'><strong>star&#39;</strong></span> <span class='ocrx_word' id='word_1_21' title='bbox 385 545 498 598; x_wconf 92' lang='lat' dir='ltr'><strong>qua</strong></span> <span class='ocrx_word' id='word_1_22' title='bbox 541 546 575 582; x_wconf 94' lang='lat' dir='ltr'><strong>a</strong></span> <span class='ocrx_word' id='word_1_23' title='bbox 621 527 897 594; x_wconf 91' lang='lat' dir='ltr'><strong>Monreal,</strong></span> <span class='ocrx_word' id='word_1_24' title='bbox 935 529 1043 582; x_wconf 91' lang='lat' dir='ltr'><strong>che</strong></span> <span class='ocrx_word' id='word_1_25' title='bbox 1077 525 1117 579; x_wconf 91' lang='lat' dir='ltr'><strong>il</strong></span> <span class='ocrx_word' id='word_1_26' title='bbox 1150 524 1361 580; x_wconf 89' lang='lat' dir='ltr'><strong>vicario</strong></span> <span class='ocrx_word' id='word_1_27' title='bbox 1401 526 1462 580; x_wconf 87' lang='lat' dir='ltr'><strong>fu</strong></span> <span class='ocrx_word' id='word_1_28' title='bbox 1501 525 1775 582; x_wconf 86' lang='lat' dir='ltr'><strong>ritornato</strong></span> <span class='ocrx_word' id='word_1_29' title='bbox 1802 530 1874 585; x_wconf 90' lang='lat' dir='ltr'><strong>de</strong></span> <span class='ocrx_word' id='word_1_30' title='bbox 1895 539 2047 586; x_wconf 86' lang='lat' dir='ltr'><strong>certe</strong></span> <span class='ocrx_word' id='word_1_31' title='bbox 2067 531 2232 589; x_wconf 88' lang='lat' dir='ltr'><strong>visite</strong></span> 
     </span>
     <span class='ocr_line' id='line_1_4' title="bbox 200 620 2231 694; baseline 0.001 -15"><span class='ocrx_word' id='word_1_32' title='bbox 200 625 349 681; x_wconf 92' lang='lat' dir='ltr'><strong>della</strong></span> <span class='ocrx_word' id='word_1_33' title='bbox 374 641 480 679; x_wconf 91' lang='lat' dir='ltr'><strong>sua</strong></span> <span class='ocrx_word' id='word_1_34' title='bbox 505 621 738 690; x_wconf 83' lang='lat' dir='ltr'><strong>diocesi,</strong></span> <span class='ocrx_word' id='word_1_35' title='bbox 769 623 823 677; x_wconf 95' lang='lat' dir='ltr'><strong>lo</strong></span> <span class='ocrx_word' id='word_1_36' title='bbox 849 621 1171 677; x_wconf 86' lang='lat' dir='ltr'><strong>andassimo</strong></span> <span class='ocrx_word' id='word_1_37' title='bbox 1197 640 1230 677; x_wconf 92' lang='lat' dir='ltr'><strong>a</strong></span> <span class='ocrx_word' id='word_1_38' title='bbox 1255 620 1470 676; x_wconf 89' lang='lat' dir='ltr'><strong>visitar’</strong></span> <span class='ocrx_word' id='word_1_39' title='bbox 1502 630 1560 678; x_wconf 91' lang='lat' dir='ltr'><strong>et</strong></span> <span class='ocrx_word' id='word_1_40' title='bbox 1592 623 1775 677; x_wconf 88' lang='lat' dir='ltr'><strong>basar’</strong></span> <span class='ocrx_word' id='word_1_41' title='bbox 1812 623 1849 677; x_wconf 92' lang='lat' dir='ltr'><strong>li</strong></span> <span class='ocrx_word' id='word_1_42' title='bbox 1885 626 2055 694; x_wconf 87' lang='lat' dir='ltr'><strong>mani,</strong></span> <span class='ocrx_word' id='word_1_43' title='bbox 2099 636 2155 683; x_wconf 92' lang='lat' dir='ltr'><strong>et</strong></span> <span class='ocrx_word' id='word_1_44' title='bbox 2194 628 2231 682; x_wconf 90' lang='lat' dir='ltr'><strong>li</strong></span> 
     </span>
     <span class='ocr_line' id='line_1_5' title="bbox 200 716 2230 788; baseline 0.001 -14"><span class='ocrx_word' id='word_1_45' title='bbox 200 718 500 777; x_wconf 88' lang='lat' dir='ltr'><strong>dicessimo</strong></span> <span class='ocrx_word' id='word_1_46' title='bbox 527 729 688 774; x_wconf 85' lang='lat' dir='ltr'><strong>come</strong></span> <span class='ocrx_word' id='word_1_47' title='bbox 715 736 824 774; x_wconf 91' lang='lat' dir='ltr'><strong>con</strong></span> <span class='ocrx_word' id='word_1_48' title='bbox 851 718 891 772; x_wconf 89' lang='lat' dir='ltr'><strong>il</strong></span> <span class='ocrx_word' id='word_1_49' title='bbox 917 736 1021 773; x_wconf 91' lang='lat' dir='ltr'><strong>suo</strong></span> <span class='ocrx_word' id='word_1_50' title='bbox 1045 716 1401 788; x_wconf 89' lang='lat' dir='ltr'><strong>beneplacito</strong></span> <span class='ocrx_word' id='word_1_51' title='bbox 1429 717 1723 773; x_wconf 88' lang='lat' dir='ltr'><strong>faressimo</strong></span> <span class='ocrx_word' id='word_1_52' title='bbox 1758 717 1796 773; x_wconf 92' lang='lat' dir='ltr'><strong>li</strong></span> <span class='ocrx_word' id='word_1_53' title='bbox 1833 721 2102 775; x_wconf 88' lang='lat' dir='ltr'><strong>essercitii</strong></span> <span class='ocrx_word' id='word_1_54' title='bbox 2138 741 2230 777; x_wconf 87' lang='lat' dir='ltr'><strong>so-</strong></span> 
     </span>
     <span class='ocr_line' id='line_1_6' title="bbox 198 813 2231 887; baseline 0.001 -18"><span class='ocrx_word' id='word_1_55' title='bbox 198 815 302 882; x_wconf 86' lang='lat' dir='ltr'>liti,</span> <span class='ocrx_word' id='word_1_56' title='bbox 328 815 451 870; x_wconf 76' lang='lat' dir='ltr'><strong>cioe</strong></span> <span class='ocrx_word' id='word_1_57' title='bbox 470 816 690 887; x_wconf 83' lang='lat' dir='ltr'><strong>legger’</strong></span> <span class='ocrx_word' id='word_1_58' title='bbox 702 859 714 883; x_wconf 94' lang='lat'><strong>,</strong></span> <span class='ocrx_word' id='word_1_59' title='bbox 739 813 1039 887; x_wconf 88' lang='lat' dir='ltr'><strong>predicar&#39;,</strong></span> <span class='ocrx_word' id='word_1_60' title='bbox 1053 814 1380 880; x_wconf 88' lang='lat' dir='ltr'><strong>confessar’,</strong></span> <span class='ocrx_word' id='word_1_61' title='bbox 1393 813 1819 881; x_wconf 89' lang='lat' dir='ltr'><strong>communicar’,</strong></span> <span class='ocrx_word' id='word_1_62' title='bbox 1834 823 1943 871; x_wconf 88' lang='lat' dir='ltr'><strong>etc.</strong></span> <span class='ocrx_word' id='word_1_63' title='bbox 1970 817 2076 871; x_wconf 93' lang='lat' dir='ltr'><strong>Lui</strong></span> <span class='ocrx_word' id='word_1_64' title='bbox 2096 818 2231 872; x_wconf 89' lang='lat' dir='ltr'><strong>dissi</strong></span> 
     </span>
     <span class='ocr_line' id='line_1_7' title="bbox 198 909 2229 982; baseline 0 -15"><span class='ocrx_word' id='word_1_65' title='bbox 198 914 303 967; x_wconf 91' lang='lat' dir='ltr'><strong>che</strong></span> <span class='ocrx_word' id='word_1_66' title='bbox 324 930 439 967; x_wconf 91' lang='lat' dir='ltr'><strong>non</strong></span> <span class='ocrx_word' id='word_1_67' title='bbox 467 929 564 967; x_wconf 87' lang='lat' dir='ltr'><strong>era</strong></span> <span class='ocrx_word' id='word_1_68' title='bbox 588 911 744 966; x_wconf 91' lang='lat' dir='ltr'><strong>licito</strong></span> <span class='ocrx_word' id='word_1_69' title='bbox 770 930 804 966; x_wconf 93' lang='lat' dir='ltr'><strong>a</strong></span> <span class='ocrx_word' id='word_1_70' title='bbox 828 909 1106 982; x_wconf 91' lang='lat' dir='ltr'><strong>predicar&#39;</strong></span> <span class='ocrx_word' id='word_1_71' title='bbox 1137 909 1303 965; x_wconf 92' lang='lat' dir='ltr'><strong>sinon</strong></span> <span class='ocrx_word' id='word_1_72' title='bbox 1330 909 1423 966; x_wconf 91' lang='lat' dir='ltr'><strong>alli</strong></span> <span class='ocrx_word' id='word_1_73' title='bbox 1451 909 1752 978; x_wconf 87' lang='lat' dir='ltr'><strong>sacerdoti,</strong></span> <span class='ocrx_word' id='word_1_74' title='bbox 1776 919 1833 966; x_wconf 90' lang='lat' dir='ltr'><strong>et</strong></span> <span class='ocrx_word' id='word_1_75' title='bbox 1852 912 1958 967; x_wconf 90' lang='lat' dir='ltr'><strong>che</strong></span> <span class='ocrx_word' id='word_1_76' title='bbox 1978 929 2074 966; x_wconf 90' lang='lat' dir='ltr'><strong>era</strong></span> <span class='ocrx_word' id='word_1_77' title='bbox 2093 931 2229 967; x_wconf 87' lang='lat' dir='ltr'><strong>con-</strong></span> 
     </span>
     <span class='ocr_line' id='line_1_8' title="bbox 198 1005 2234 1080; baseline 0 -18"><span class='ocrx_word' id='word_1_78' title='bbox 198 1017 357 1063; x_wconf 90' lang='lat' dir='ltr'><strong>tento</strong></span> <span class='ocrx_word' id='word_1_79' title='bbox 376 1011 484 1063; x_wconf 93' lang='lat' dir='ltr'><strong>che</strong></span> <span class='ocrx_word' id='word_1_80' title='bbox 510 1008 565 1063; x_wconf 92' lang='lat' dir='ltr'><strong>io</strong></span> <span class='ocrx_word' id='word_1_81' title='bbox 591 1007 933 1080; x_wconf 85' lang='lat' dir='ltr'><strong>predicasse,</strong></span> <span class='ocrx_word' id='word_1_82' title='bbox 964 1024 1057 1061; x_wconf 93' lang='lat' dir='ltr'><strong>ma</strong></span> <span class='ocrx_word' id='word_1_83' title='bbox 1083 1023 1198 1060; x_wconf 90' lang='lat' dir='ltr'><strong>non</strong></span> <span class='ocrx_word' id='word_1_84' title='bbox 1218 1005 1451 1063; x_wconf 89' lang='lat' dir='ltr'><strong>Sanctio</strong></span> <span class='ocrx_word' id='word_1_85' title='bbox 1478 1007 1519 1072; x_wconf 74' lang='lat'><strong>³,</strong></span> <span class='ocrx_word' id='word_1_86' title='bbox 1545 1024 1644 1077; x_wconf 93' lang='lat' dir='ltr'><strong>per</strong></span> <span class='ocrx_word' id='word_1_87' title='bbox 1671 1005 1856 1061; x_wconf 89' lang='lat' dir='ltr'><strong>insino</strong></span> <span class='ocrx_word' id='word_1_88' title='bbox 1881 1026 1913 1062; x_wconf 94' lang='lat' dir='ltr'><strong>a</strong></span> <span class='ocrx_word' id='word_1_89' title='bbox 1944 1015 2100 1062; x_wconf 90' lang='lat' dir='ltr'><strong>tanto</strong></span> <span class='ocrx_word' id='word_1_90' title='bbox 2126 1011 2234 1063; x_wconf 90' lang='lat' dir='ltr'><strong>che</strong></span> 
     </span>
     <span class='ocr_line' id='line_1_9' title="bbox 196 1101 2229 1173; baseline -0 -15"><span class='ocrx_word' id='word_1_91' title='bbox 196 1123 293 1159; x_wconf 91' lang='lat' dir='ltr'><strong>era</strong></span> <span class='ocrx_word' id='word_1_92' title='bbox 312 1106 624 1160; x_wconf 83' lang='lat' dir='ltr'><strong>sacerdote.</strong></span> <span class='ocrx_word' id='word_1_93' title='bbox 650 1106 712 1159; x_wconf 94' lang='lat' dir='ltr'><strong>Io</strong></span> <span class='ocrx_word' id='word_1_94' title='bbox 733 1102 772 1157; x_wconf 95' lang='lat' dir='ltr'><strong>li</strong></span> <span class='ocrx_word' id='word_1_95' title='bbox 799 1102 936 1157; x_wconf 90' lang='lat' dir='ltr'><strong>dissi</strong></span> <span class='ocrx_word' id='word_1_96' title='bbox 962 1104 1071 1158; x_wconf 90' lang='lat' dir='ltr'><strong>che</strong></span> <span class='ocrx_word' id='word_1_97' title='bbox 1089 1103 1408 1158; x_wconf 90' lang='lat' dir='ltr'><strong>haueuamo</strong></span> <span class='ocrx_word' id='word_1_98' title='bbox 1427 1101 1656 1157; x_wconf 87' lang='lat' dir='ltr'><strong>licentia</strong></span> <span class='ocrx_word' id='word_1_99' title='bbox 1676 1102 1768 1157; x_wconf 94' lang='lat' dir='ltr'><strong>del</strong></span> <span class='ocrx_word' id='word_1_100' title='bbox 1788 1121 1950 1173; x_wconf 92' lang='lat' dir='ltr'><strong>papa.</strong></span> <span class='ocrx_word' id='word_1_101' title='bbox 1978 1105 2229 1160; x_wconf 82' lang='lat' dir='ltr'><strong>Tandem</strong></span> 
     </span>
     <span class='ocr_line' id='line_1_10' title="bbox 196 1197 2234 1270; baseline 0 -16"><span class='ocrx_word' id='word_1_102' title='bbox 196 1200 275 1254; x_wconf 90' lang='lat' dir='ltr'><strong>lui</strong></span> <span class='ocrx_word' id='word_1_103' title='bbox 300 1202 459 1256; x_wconf 85' lang='lat' dir='ltr'><strong>volse</strong></span> <span class='ocrx_word' id='word_1_104' title='bbox 485 1201 678 1257; x_wconf 85' lang='lat' dir='ltr'><strong>veder’</strong></span> <span class='ocrx_word' id='word_1_105' title='bbox 710 1198 842 1254; x_wconf 92' lang='lat' dir='ltr'><strong>tutti</strong></span> <span class='ocrx_word' id='word_1_106' title='bbox 869 1198 909 1252; x_wconf 94' lang='lat' dir='ltr'><strong>li</strong></span> <span class='ocrx_word' id='word_1_107' title='bbox 936 1199 1113 1269; x_wconf 91' lang='lat' dir='ltr'><strong>nostrj</strong></span> <span class='ocrx_word' id='word_1_108' title='bbox 1143 1197 1447 1270; x_wconf 87' lang='lat' dir='ltr'><strong>priuilegij,</strong></span> <span class='ocrx_word' id='word_1_109' title='bbox 1478 1206 1536 1252; x_wconf 91' lang='lat' dir='ltr'><strong>et</strong></span> <span class='ocrx_word' id='word_1_110' title='bbox 1563 1200 1812 1253; x_wconf 89' lang='lat' dir='ltr'><strong>anchora</strong></span> <span class='ocrx_word' id='word_1_111' title='bbox 1844 1197 1883 1251; x_wconf 90' lang='lat' dir='ltr'><strong>li</strong></span> <span class='ocrx_word' id='word_1_112' title='bbox 1919 1198 2087 1265; x_wconf 90' lang='lat' dir='ltr'><strong>tiene,</strong></span> <span class='ocrx_word' id='word_1_113' title='bbox 2127 1202 2234 1254; x_wconf 87' lang='lat' dir='ltr'><strong>che</strong></span> 
     </span>
     <span class='ocr_line' id='line_1_11' title="bbox 196 1294 2228 1367; baseline -0.001 -16"><span class='ocrx_word' id='word_1_114' title='bbox 196 1316 296 1367; x_wconf 89' lang='lat' dir='ltr'><strong>per</strong></span> <span class='ocrx_word' id='word_1_115' title='bbox 323 1298 497 1353; x_wconf 88' lang='lat' dir='ltr'><strong>esser’</strong></span> <span class='ocrx_word' id='word_1_116' title='bbox 526 1297 607 1351; x_wconf 93' lang='lat' dir='ltr'><strong>lui</strong></span> <span class='ocrx_word' id='word_1_117' title='bbox 632 1295 967 1367; x_wconf 84' lang='lat' dir='ltr'><strong>indispostO,</strong></span> <span class='ocrx_word' id='word_1_118' title='bbox 997 1295 1053 1350; x_wconf 93' lang='lat' dir='ltr'><strong>io</strong></span> <span class='ocrx_word' id='word_1_119' title='bbox 1078 1313 1194 1350; x_wconf 91' lang='lat' dir='ltr'><strong>non</strong></span> <span class='ocrx_word' id='word_1_120' title='bbox 1214 1294 1254 1348; x_wconf 94' lang='lat' dir='ltr'><strong>li</strong></span> <span class='ocrx_word' id='word_1_121' title='bbox 1274 1297 1348 1349; x_wconf 95' lang='lat' dir='ltr'><strong>ho</strong></span> <span class='ocrx_word' id='word_1_122' title='bbox 1369 1304 1569 1366; x_wconf 93' lang='lat' dir='ltr'><strong>potuto</strong></span> <span class='ocrx_word' id='word_1_123' title='bbox 1590 1295 1795 1366; x_wconf 91' lang='lat' dir='ltr'><strong>parlar&#39;</strong></span> <span class='ocrx_word' id='word_1_124' title='bbox 1818 1295 2003 1365; x_wconf 90' lang='lat' dir='ltr'><strong>questi</strong></span> <span class='ocrx_word' id='word_1_125' title='bbox 2025 1295 2228 1367; x_wconf 86' lang='lat' dir='ltr'><strong>giomi.</strong></span> 
     </span>
     <span class='ocr_line' id='line_1_12' title="bbox 197 1391 2236 1464; baseline -0 -16"><span class='ocrx_word' id='word_1_126' title='bbox 197 1393 379 1464; x_wconf 91' lang='lat' dir='ltr'><strong>Depoi</strong></span> <span class='ocrx_word' id='word_1_127' title='bbox 406 1394 673 1448; x_wconf 91' lang='lat' dir='ltr'><strong>accadete</strong></span> <span class='ocrx_word' id='word_1_128' title='bbox 700 1394 807 1447; x_wconf 91' lang='lat' dir='ltr'><strong>che</strong></span> <span class='ocrx_word' id='word_1_129' title='bbox 833 1411 947 1447; x_wconf 92' lang='lat' dir='ltr'><strong>vna</strong></span> <span class='ocrx_word' id='word_1_130' title='bbox 973 1401 1128 1448; x_wconf 94' lang='lat' dir='ltr'><strong>certa</strong></span> <span class='ocrx_word' id='word_1_131' title='bbox 1154 1391 1562 1447; x_wconf 86' lang='lat' dir='ltr'><strong>confraternita</strong></span> <span class='ocrx_word' id='word_1_132' title='bbox 1587 1393 1710 1449; x_wconf 88' lang='lat' dir='ltr'><strong>fece</strong></span> <span class='ocrx_word' id='word_1_133' title='bbox 1736 1410 1848 1446; x_wconf 90' lang='lat' dir='ltr'><strong>vna</strong></span> <span class='ocrx_word' id='word_1_134' title='bbox 1874 1391 2236 1463; x_wconf 86' lang='lat' dir='ltr'><strong>processione</strong></span> 
     </span>
     <span class='ocr_line' id='line_1_13' title="bbox 199 1487 2234 1569; baseline 0 -27"><span class='ocrx_word' id='word_1_135' title='bbox 199 1498 258 1542; x_wconf 90' lang='lat' dir='ltr'><strong>et</strong></span> <span class='ocrx_word' id='word_1_136' title='bbox 284 1489 434 1544; x_wconf 79' lang='lat' dir='ltr'><strong>ando</strong></span> <span class='ocrx_word' id='word_1_137' title='bbox 461 1507 495 1544; x_wconf 92' lang='lat' dir='ltr'><strong>a</strong></span> <span class='ocrx_word' id='word_1_138' title='bbox 522 1490 860 1552; x_wconf 78' lang='lat' dir='ltr'><strong>demandar’‚</strong></span> <span class='ocrx_word' id='word_1_139' title='bbox 879 1489 1067 1569; x_wconf 79' lang='lat' dir='ltr'><strong>quella</strong></span> <span class='ocrx_word' id='word_1_140' title='bbox 1093 1489 1144 1542; x_wconf 94' lang='lat' dir='ltr'><strong>al</strong></span> <span class='ocrx_word' id='word_1_141' title='bbox 1179 1487 1411 1555; x_wconf 91' lang='lat' dir='ltr'><strong>vicari0,</strong></span> <span class='ocrx_word' id='word_1_142' title='bbox 1452 1506 1513 1542; x_wconf 87' lang='lat' dir='ltr'><strong>se</strong></span> <span class='ocrx_word' id='word_1_143' title='bbox 1550 1489 1756 1544; x_wconf 89' lang='lat' dir='ltr'><strong>voleua</strong></span> <span class='ocrx_word' id='word_1_144' title='bbox 1777 1487 1900 1543; x_wconf 88' lang='lat' dir='ltr'><strong>farli</strong></span> <span class='ocrx_word' id='word_1_145' title='bbox 1931 1487 2123 1559; x_wconf 86' lang='lat' dir='ltr'><strong>gracia</strong></span> <span class='ocrx_word' id='word_1_146' title='bbox 2161 1489 2234 1543; x_wconf 92' lang='lat' dir='ltr'><strong>de</strong></span> 
     </span>
     <span class='ocr_line' id='line_1_14' title="bbox 196 1583 2238 1658; baseline 0 -19"><span class='ocrx_word' id='word_1_147' title='bbox 196 1584 472 1656; x_wconf 89' lang='lat' dir='ltr'><strong>predicar&#39;</strong></span> <span class='ocrx_word' id='word_1_148' title='bbox 517 1586 707 1656; x_wconf 90' lang='lat' dir='ltr'><strong>quello</strong></span> <span class='ocrx_word' id='word_1_149' title='bbox 742 1585 945 1657; x_wconf 88' lang='lat' dir='ltr'><strong>giorno</strong></span> <span class='ocrx_word' id='word_1_150' title='bbox 984 1585 1325 1658; x_wconf 76' lang='lat' dir='ltr'><strong>(imperoche</strong></span> <span class='ocrx_word' id='word_1_151' title='bbox 1364 1585 1444 1639; x_wconf 91' lang='lat' dir='ltr'><strong>lui</strong></span> <span class='ocrx_word' id='word_1_152' title='bbox 1485 1586 1645 1640; x_wconf 88' lang='lat' dir='ltr'><strong>suole</strong></span> <span class='ocrx_word' id='word_1_153' title='bbox 1683 1583 1959 1656; x_wconf 91' lang='lat' dir='ltr'><strong>predicar’</strong></span> <span class='ocrx_word' id='word_1_154' title='bbox 1996 1585 2238 1655; x_wconf 88' lang='lat' dir='ltr'><strong>qualche</strong></span> 
     </span>
     <span class='ocr_line' id='line_1_15' title="bbox 194 1681 2237 1752; baseline 0.001 -18"><span class='ocrx_word' id='word_1_155' title='bbox 194 1682 366 1748; x_wconf 90' lang='lat' dir='ltr'><strong>volte,</strong></span> <span class='ocrx_word' id='word_1_156' title='bbox 398 1681 662 1738; x_wconf 92' lang='lat' dir='ltr'><strong>massime</strong></span> <span class='ocrx_word' id='word_1_157' title='bbox 682 1681 741 1736; x_wconf 92' lang='lat' dir='ltr'><strong>in</strong></span> <span class='ocrx_word' id='word_1_158' title='bbox 762 1681 1122 1752; x_wconf 88' lang='lat' dir='ltr'><strong>quaresima),</strong></span> <span class='ocrx_word' id='word_1_159' title='bbox 1148 1689 1206 1738; x_wconf 91' lang='lat' dir='ltr'><strong>et</strong></span> <span class='ocrx_word' id='word_1_160' title='bbox 1225 1699 1286 1736; x_wconf 91' lang='lat' dir='ltr'><strong>se</strong></span> <span class='ocrx_word' id='word_1_161' title='bbox 1306 1681 1386 1735; x_wconf 93' lang='lat' dir='ltr'><strong>lui</strong></span> <span class='ocrx_word' id='word_1_162' title='bbox 1414 1699 1530 1736; x_wconf 89' lang='lat' dir='ltr'><strong>non</strong></span> <span class='ocrx_word' id='word_1_163' title='bbox 1550 1689 1777 1752; x_wconf 88' lang='lat' dir='ltr'><strong>potesse</strong></span> <span class='ocrx_word' id='word_1_164' title='bbox 1798 1681 2097 1752; x_wconf 90' lang='lat' dir='ltr'><strong>predicar&#39;,</strong></span> <span class='ocrx_word' id='word_1_165' title='bbox 2128 1683 2237 1736; x_wconf 92' lang='lat' dir='ltr'><strong>che</strong></span> 
     </span>
     <span class='ocr_line' id='line_1_16' title="bbox 193 1777 2235 1858; baseline -0 -26"><span class='ocrx_word' id='word_1_166' title='bbox 193 1796 256 1834; x_wconf 89' lang='lat' dir='ltr'><strong>se</strong></span> <span class='ocrx_word' id='word_1_167' title='bbox 283 1786 647 1834; x_wconf 88' lang='lat' dir='ltr'><strong>contentasse</strong></span> <span class='ocrx_word' id='word_1_168' title='bbox 673 1781 779 1834; x_wconf 91' lang='lat' dir='ltr'><strong>che</strong></span> <span class='ocrx_word' id='word_1_169' title='bbox 806 1777 859 1833; x_wconf 94' lang='lat' dir='ltr'><strong>ci</strong></span> <span class='ocrx_word' id='word_1_170' title='bbox 884 1795 1190 1835; x_wconf 90' lang='lat' dir='ltr'><strong>venessero</strong></span> <span class='ocrx_word' id='word_1_171' title='bbox 1215 1798 1249 1833; x_wconf 88' lang='lat' dir='ltr'><strong>a</strong></span> <span class='ocrx_word' id='word_1_172' title='bbox 1274 1779 1501 1849; x_wconf 87' lang='lat' dir='ltr'><strong>pregar’</strong></span> <span class='ocrx_word' id='word_1_173' title='bbox 1532 1779 1639 1832; x_wconf 91' lang='lat' dir='ltr'><strong>che</strong></span> <span class='ocrx_word' id='word_1_174' title='bbox 1665 1795 1780 1833; x_wconf 91' lang='lat' dir='ltr'><strong>vno</strong></span> <span class='ocrx_word' id='word_1_175' title='bbox 1813 1778 1885 1833; x_wconf 89' lang='lat' dir='ltr'><strong>de</strong></span> <span class='ocrx_word' id='word_1_176' title='bbox 1920 1777 2014 1858; x_wconf 89' lang='lat' dir='ltr'><strong>noi</strong></span> <span class='ocrx_word' id='word_1_177' title='bbox 2048 1778 2235 1848; x_wconf 87' lang='lat' dir='ltr'><strong>predi-</strong></span> 
     </span>
     <span class='ocr_line' id='line_1_17' title="bbox 190 1873 2238 1946; baseline 0 -18"><span class='ocrx_word' id='word_1_178' title='bbox 190 1892 369 1929; x_wconf 90' lang='lat' dir='ltr'><strong>casse.</strong></span> <span class='ocrx_word' id='word_1_179' title='bbox 409 1873 517 1929; x_wconf 92' lang='lat' dir='ltr'><strong>Lui</strong></span> <span class='ocrx_word' id='word_1_180' title='bbox 552 1873 591 1927; x_wconf 94' lang='lat' dir='ltr'><strong>li</strong></span> <span class='ocrx_word' id='word_1_181' title='bbox 627 1875 750 1930; x_wconf 88' lang='lat' dir='ltr'><strong>fece</strong></span> <span class='ocrx_word' id='word_1_182' title='bbox 784 1873 1147 1946; x_wconf 85' lang='lat' dir='ltr'><strong>grandissimi</strong></span> <span class='ocrx_word' id='word_1_183' title='bbox 1181 1875 1441 1940; x_wconf 91' lang='lat' dir='ltr'><strong>rebouffi,</strong></span> <span class='ocrx_word' id='word_1_184' title='bbox 1492 1873 1753 1930; x_wconf 84' lang='lat' dir='ltr'><strong>dicendo:</strong></span> <span class='ocrx_word' id='word_1_185' title='bbox 1806 1873 1869 1930; x_wconf 92' lang='lat' dir='ltr'><strong>Si</strong></span> <span class='ocrx_word' id='word_1_186' title='bbox 1914 1874 2010 1928; x_wconf 92' lang='lat' dir='ltr'><strong>noi</strong></span> <span class='ocrx_word' id='word_1_187' title='bbox 2045 1892 2238 1929; x_wconf 90' lang='lat' dir='ltr'><strong>eramo</strong></span> 
     </span>
     <span class='ocr_line' id='line_1_18' title="bbox 194 1969 2234 2042; baseline -0 -18"><span class='ocrx_word' id='word_1_188' title='bbox 194 1981 356 2040; x_wconf 90' lang='lat' dir='ltr'><strong>tropo</strong></span> <span class='ocrx_word' id='word_1_189' title='bbox 384 1970 560 2025; x_wconf 92' lang='lat' dir='ltr'><strong>buoni</strong></span> <span class='ocrx_word' id='word_1_190' title='bbox 587 1989 689 2042; x_wconf 88' lang='lat' dir='ltr'><strong>per</strong></span> <span class='ocrx_word' id='word_1_191' title='bbox 715 1971 910 2025; x_wconf 89' lang='lat' dir='ltr'><strong>andar’</strong></span> <span class='ocrx_word' id='word_1_192' title='bbox 940 1990 974 2026; x_wconf 95' lang='lat' dir='ltr'><strong>a</strong></span> <span class='ocrx_word' id='word_1_193' title='bbox 999 1969 1334 2025; x_wconf 89' lang='lat' dir='ltr'><strong>dimandarli</strong></span> <span class='ocrx_word' id='word_1_194' title='bbox 1363 1971 1551 2040; x_wconf 84' lang='lat' dir='ltr'><strong>quella</strong></span> <span class='ocrx_word' id='word_1_195' title='bbox 1577 1970 2003 2036; x_wconf 88' lang='lat' dir='ltr'><strong>confraternita,</strong></span> <span class='ocrx_word' id='word_1_196' title='bbox 2034 1988 2148 2024; x_wconf 93' lang='lat' dir='ltr'><strong>non</strong></span> <span class='ocrx_word' id='word_1_197' title='bbox 2184 1970 2234 2024; x_wconf 89' lang='lat' dir='ltr'><strong>ci</strong></span> 
     </span>
     <span class='ocr_line' id='line_1_19' title="bbox 191 2065 2233 2138; baseline 0 -18"><span class='ocrx_word' id='word_1_198' title='bbox 191 2069 421 2122; x_wconf 90' lang='lat' dir='ltr'><strong>haueua</strong></span> <span class='ocrx_word' id='word_1_199' title='bbox 449 2066 608 2122; x_wconf 89' lang='lat' dir='ltr'><strong>detto</strong></span> <span class='ocrx_word' id='word_1_200' title='bbox 635 2066 828 2122; x_wconf 92' lang='lat' dir='ltr'><strong>niente</strong></span> <span class='ocrx_word' id='word_1_201' title='bbox 855 2065 915 2120; x_wconf 91' lang='lat' dir='ltr'><strong>ni</strong></span> <span class='ocrx_word' id='word_1_202' title='bbox 939 2066 1176 2138; x_wconf 82' lang='lat' dir='ltr'><strong>parlat03</strong></span> <span class='ocrx_word' id='word_1_203' title='bbox 1207 2085 1300 2120; x_wconf 94' lang='lat' dir='ltr'><strong>ma</strong></span> <span class='ocrx_word' id='word_1_204' title='bbox 1326 2066 1493 2138; x_wconf 90' lang='lat' dir='ltr'><strong>depoi</strong></span> <span class='ocrx_word' id='word_1_205' title='bbox 1521 2065 1657 2121; x_wconf 87' lang='lat' dir='ltr'><strong>dissi</strong></span> <span class='ocrx_word' id='word_1_206' title='bbox 1690 2085 1723 2121; x_wconf 96' lang='lat' dir='ltr'><strong>a</strong></span> <span class='ocrx_word' id='word_1_207' title='bbox 1758 2085 1872 2121; x_wconf 91' lang='lat' dir='ltr'><strong>vno</strong></span> <span class='ocrx_word' id='word_1_208' title='bbox 1907 2066 2089 2120; x_wconf 89' lang='lat' dir='ltr'><strong>amico</strong></span> <span class='ocrx_word' id='word_1_209' title='bbox 2129 2084 2233 2120; x_wconf 91' lang='lat' dir='ltr'><strong>no—</strong></span> 
     </span>
     <span class='ocr_line' id='line_1_20' title="bbox 193 2162 2236 2235; baseline 0 -19"><span class='ocrx_word' id='word_1_210' title='bbox 193 2170 332 2228; x_wconf 91' lang='lat' dir='ltr'><strong>str0,</strong></span> <span class='ocrx_word' id='word_1_211' title='bbox 364 2163 471 2217; x_wconf 93' lang='lat' dir='ltr'><strong>che</strong></span> <span class='ocrx_word' id='word_1_212' title='bbox 505 2162 837 2234; x_wconf 85' lang='lat' dir='ltr'><strong>monsignor</strong></span> <span class='ocrx_word' id='word_1_213' title='bbox 869 2181 985 2217; x_wconf 89' lang='lat' dir='ltr'><strong>non</strong></span> <span class='ocrx_word' id='word_1_214' title='bbox 1019 2163 1222 2218; x_wconf 87' lang='lat' dir='ltr'><strong>voleua</strong></span> <span class='ocrx_word' id='word_1_215' title='bbox 1256 2164 1363 2217; x_wconf 93' lang='lat' dir='ltr'><strong>che</strong></span> <span class='ocrx_word' id='word_1_216' title='bbox 1397 2162 1449 2217; x_wconf 92' lang='lat' dir='ltr'><strong>ci</strong></span> <span class='ocrx_word' id='word_1_217' title='bbox 1484 2162 1787 2218; x_wconf 88' lang='lat' dir='ltr'><strong>venessino</strong></span> <span class='ocrx_word' id='word_1_218' title='bbox 1815 2182 1849 2218; x_wconf 94' lang='lat' dir='ltr'><strong>a</strong></span> <span class='ocrx_word' id='word_1_219' title='bbox 1874 2166 2098 2235; x_wconf 88' lang='lat' dir='ltr'><strong>pregar&#39;</strong></span> <span class='ocrx_word' id='word_1_220' title='bbox 2129 2165 2236 2217; x_wconf 89' lang='lat' dir='ltr'><strong>che</strong></span> 
     </span>
     <span class='ocr_line' id='line_1_21' title="bbox 194 2257 2237 2330; baseline 0.001 -19"><span class='ocrx_word' id='word_1_221' title='bbox 194 2257 616 2330; x_wconf 87' lang='lat' dir='ltr'><strong>predicassimo.</strong></span> <span class='ocrx_word' id='word_1_222' title='bbox 647 2258 831 2330; x_wconf 92' lang='lat' dir='ltr'><strong>Depoi</strong></span> <span class='ocrx_word' id='word_1_223' title='bbox 858 2258 938 2314; x_wconf 93' lang='lat' dir='ltr'><strong>lui</strong></span> <span class='ocrx_word' id='word_1_224' title='bbox 965 2258 1116 2315; x_wconf 90' lang='lat' dir='ltr'><strong>disse</strong></span> <span class='ocrx_word' id='word_1_225' title='bbox 1142 2277 1176 2313; x_wconf 94' lang='lat' dir='ltr'><strong>a</strong></span> <span class='ocrx_word' id='word_1_226' title='bbox 1202 2262 1280 2314; x_wconf 93' lang='lat' dir='ltr'><strong>M.</strong></span> <span class='ocrx_word' id='word_1_227' title='bbox 1315 2258 1649 2316; x_wconf 90' lang='lat' dir='ltr'><strong>Hieronimo</strong></span> <span class='ocrx_word' id='word_1_228' title='bbox 1677 2260 1718 2326; x_wconf 81' lang='lat'><strong>³,</strong></span> <span class='ocrx_word' id='word_1_229' title='bbox 1757 2260 1987 2329; x_wconf 92' lang='lat' dir='ltr'><strong>quando</strong></span> <span class='ocrx_word' id='word_1_230' title='bbox 2026 2261 2087 2313; x_wconf 87' lang='lat' dir='ltr'><strong>fu</strong></span> <span class='ocrx_word' id='word_1_231' title='bbox 2122 2278 2237 2329; x_wconf 94' lang='lat' dir='ltr'><strong>qua</strong></span> 
     </span>
     <span class='ocr_line' id='line_1_22' title="bbox 193 2353 2231 2426; baseline 0 -18"><span class='ocrx_word' id='word_1_232' title='bbox 193 2353 382 2425; x_wconf 88' lang='lat' dir='ltr'><strong>questi</strong></span> <span class='ocrx_word' id='word_1_233' title='bbox 410 2354 617 2426; x_wconf 89' lang='lat' dir='ltr'><strong>giomi,</strong></span> <span class='ocrx_word' id='word_1_234' title='bbox 647 2357 755 2411; x_wconf 90' lang='lat' dir='ltr'><strong>che</strong></span> <span class='ocrx_word' id='word_1_235' title='bbox 782 2374 878 2411; x_wconf 88' lang='lat' dir='ltr'><strong>era</strong></span> <span class='ocrx_word' id='word_1_236' title='bbox 905 2363 1178 2412; x_wconf 90' lang='lat' dir='ltr'><strong>contento</strong></span> <span class='ocrx_word' id='word_1_237' title='bbox 1205 2357 1310 2410; x_wconf 92' lang='lat' dir='ltr'><strong>che</strong></span> <span class='ocrx_word' id='word_1_238' title='bbox 1336 2354 1740 2426; x_wconf 88' lang='lat' dir='ltr'><strong>predicassimo</strong></span> <span class='ocrx_word' id='word_1_239' title='bbox 1768 2364 1826 2412; x_wconf 90' lang='lat' dir='ltr'><strong>et</strong></span> <span class='ocrx_word' id='word_1_240' title='bbox 1860 2355 2158 2410; x_wconf 86' lang='lat' dir='ltr'><strong>facessimo</strong></span> <span class='ocrx_word' id='word_1_241' title='bbox 2194 2356 2231 2408; x_wconf 85' lang='lat' dir='ltr'><strong>li</strong></span> 
     </span>
     <span class='ocr_line' id='line_1_23' title="bbox 190 2448 2233 2524; baseline 0.001 -20"><span class='ocrx_word' id='word_1_242' title='bbox 190 2448 343 2504; x_wconf 89' lang='lat' dir='ltr'><strong>soliti</strong></span> <span class='ocrx_word' id='word_1_243' title='bbox 373 2450 672 2522; x_wconf 91' lang='lat' dir='ltr'><strong>essercitij‚</strong></span> <span class='ocrx_word' id='word_1_244' title='bbox 704 2458 761 2507; x_wconf 91' lang='lat' dir='ltr'><strong>et</strong></span> <span class='ocrx_word' id='word_1_245' title='bbox 786 2452 934 2507; x_wconf 90' lang='lat' dir='ltr'><strong>cossi</strong></span> <span class='ocrx_word' id='word_1_246' title='bbox 961 2450 1013 2506; x_wconf 92' lang='lat' dir='ltr'><strong>ci</strong></span> <span class='ocrx_word' id='word_1_247' title='bbox 1039 2460 1292 2506; x_wconf 88' lang='lat' dir='ltr'><strong>monstra</strong></span> <span class='ocrx_word' id='word_1_248' title='bbox 1319 2451 1494 2506; x_wconf 92' lang='lat' dir='ltr'><strong>molta</strong></span> <span class='ocrx_word' id='word_1_249' title='bbox 1521 2468 1720 2506; x_wconf 89' lang='lat' dir='ltr'><strong>careza</strong></span> <span class='ocrx_word' id='word_1_250' title='bbox 1746 2450 1802 2506; x_wconf 90' lang='lat' dir='ltr'><strong>in</strong></span> <span class='ocrx_word' id='word_1_251' title='bbox 1825 2451 2108 2524; x_wconf 87' lang='lat' dir='ltr'><strong>presentia</strong></span> <span class='ocrx_word' id='word_1_252' title='bbox 2129 2470 2233 2507; x_wconf 90' lang='lat' dir='ltr'><strong>no-</strong></span> 
     </span>
     <span class='ocr_line' id='line_1_24' title="bbox 189 2546 2238 2619; baseline 0 -18"><span class='ocrx_word' id='word_1_253' title='bbox 189 2554 327 2613; x_wconf 89' lang='lat' dir='ltr'><strong>stra,</strong></span> <span class='ocrx_word' id='word_1_254' title='bbox 358 2565 452 2602; x_wconf 92' lang='lat' dir='ltr'><strong>ma</strong></span> <span class='ocrx_word' id='word_1_255' title='bbox 478 2546 536 2601; x_wconf 94' lang='lat' dir='ltr'><strong>di</strong></span> <span class='ocrx_word' id='word_1_256' title='bbox 564 2548 766 2602; x_wconf 90' lang='lat' dir='ltr'><strong>dentro</strong></span> <span class='ocrx_word' id='word_1_257' title='bbox 792 2566 913 2603; x_wconf 92' lang='lat' dir='ltr'><strong>non</strong></span> <span class='ocrx_word' id='word_1_258' title='bbox 939 2548 995 2603; x_wconf 95' lang='lat' dir='ltr'><strong>lo</strong></span> <span class='ocrx_word' id='word_1_259' title='bbox 1021 2546 1442 2619; x_wconf 87' lang='lat' dir='ltr'><strong>cognosciamO.</strong></span> <span class='ocrx_word' id='word_1_260' title='bbox 1474 2549 1606 2604; x_wconf 93' lang='lat' dir='ltr'><strong>Vno</strong></span> <span class='ocrx_word' id='word_1_261' title='bbox 1634 2547 1815 2603; x_wconf 90' lang='lat' dir='ltr'><strong>amico</strong></span> <span class='ocrx_word' id='word_1_262' title='bbox 1843 2557 2036 2603; x_wconf 90' lang='lat' dir='ltr'><strong>nostro</strong></span> <span class='ocrx_word' id='word_1_263' title='bbox 2063 2551 2138 2602; x_wconf 84' lang='lat' dir='ltr'><strong>m&#39;</strong></span> <span class='ocrx_word' id='word_1_264' title='bbox 2163 2551 2238 2603; x_wconf 93' lang='lat' dir='ltr'><strong>ha</strong></span> 
     </span>
     <span class='ocr_line' id='line_1_25' title="bbox 189 2643 2233 2717; baseline 0.002 -21"><span class='ocrx_word' id='word_1_265' title='bbox 189 2643 350 2698; x_wconf 87' lang='lat' dir='ltr'><strong>detto</strong></span> <span class='ocrx_word' id='word_1_266' title='bbox 379 2645 486 2700; x_wconf 90' lang='lat' dir='ltr'><strong>che</strong></span> <span class='ocrx_word' id='word_1_267' title='bbox 511 2643 591 2699; x_wconf 90' lang='lat' dir='ltr'><strong>lui</strong></span> <span class='ocrx_word' id='word_1_268' title='bbox 619 2645 824 2700; x_wconf 88' lang='lat' dir='ltr'><strong>voleua</strong></span> <span class='ocrx_word' id='word_1_269' title='bbox 849 2645 1029 2700; x_wconf 91' lang='lat' dir='ltr'><strong>molto</strong></span> <span class='ocrx_word' id='word_1_270' title='bbox 1055 2645 1202 2700; x_wconf 90' lang='lat' dir='ltr'><strong>male</strong></span> <span class='ocrx_word' id='word_1_271' title='bbox 1230 2664 1262 2700; x_wconf 92' lang='lat' dir='ltr'><strong>a</strong></span> <span class='ocrx_word' id='word_1_272' title='bbox 1288 2644 1402 2700; x_wconf 87' lang='lat' dir='ltr'><strong>M.⁰</strong></span> <span class='ocrx_word' id='word_1_273' title='bbox 1428 2646 1678 2717; x_wconf 78' lang='lat' dir='ltr'><strong>Layne2‚</strong></span> <span class='ocrx_word' id='word_1_274' title='bbox 1708 2664 1811 2717; x_wconf 88' lang='lat' dir='ltr'><strong>per</strong></span> <span class='ocrx_word' id='word_1_275' title='bbox 1832 2654 1985 2700; x_wconf 89' lang='lat' dir='ltr'><strong>certe</strong></span> <span class='ocrx_word' id='word_1_276' title='bbox 2005 2645 2233 2700; x_wconf 89' lang='lat' dir='ltr'><strong>ordina-</strong></span> 
     </span>
     <span class='ocr_line' id='line_1_26' title="bbox 189 2738 2233 2810; baseline 0.002 -18"><span class='ocrx_word' id='word_1_277' title='bbox 189 2738 328 2793; x_wconf 89' lang='lat' dir='ltr'><strong>tioni</strong></span> <span class='ocrx_word' id='word_1_278' title='bbox 356 2741 463 2796; x_wconf 93' lang='lat' dir='ltr'><strong>che</strong></span> <span class='ocrx_word' id='word_1_279' title='bbox 491 2758 604 2810; x_wconf 92' lang='lat' dir='ltr'><strong>qua</strong></span> <span class='ocrx_word' id='word_1_280' title='bbox 633 2741 756 2797; x_wconf 87' lang='lat' dir='ltr'><strong>fece</strong></span> <span class='ocrx_word' id='word_1_281' title='bbox 782 2740 843 2796; x_wconf 92' lang='lat' dir='ltr'><strong>in</strong></span> <span class='ocrx_word' id='word_1_282' title='bbox 870 2742 1128 2797; x_wconf 89' lang='lat' dir='ltr'><strong>Monreal</strong></span> <span class='ocrx_word' id='word_1_283' title='bbox 1155 2741 1196 2795; x_wconf 86' lang='lat'><strong>⁴.</strong></span> <span class='ocrx_word' id='word_1_284' title='bbox 1230 2743 1303 2795; x_wconf 93' lang='lat' dir='ltr'><strong>Et</strong></span> <span class='ocrx_word' id='word_1_285' title='bbox 1328 2742 1573 2798; x_wconf 90' lang='lat' dir='ltr'><strong>volendo</strong></span> <span class='ocrx_word' id='word_1_286' title='bbox 1600 2743 1654 2797; x_wconf 95' lang='lat' dir='ltr'><strong>la</strong></span> <span class='ocrx_word' id='word_1_287' title='bbox 1678 2741 1791 2797; x_wconf 78' lang='lat' dir='ltr'><strong>cita</strong></span> <span class='ocrx_word' id='word_1_288' title='bbox 1811 2742 1998 2796; x_wconf 90' lang='lat' dir='ltr'><strong>alcuni</strong></span> <span class='ocrx_word' id='word_1_289' title='bbox 2019 2740 2157 2797; x_wconf 88' lang='lat' dir='ltr'><strong>mesi</strong></span> <span class='ocrx_word' id='word_1_290' title='bbox 2179 2742 2233 2796; x_wconf 87' lang='lat' dir='ltr'><strong>fa</strong></span> 
     </span>
     <span class='ocr_line' id='line_1_27' title="bbox 188 2834 2229 2909; baseline 0.002 -21"><span class='ocrx_word' id='word_1_291' title='bbox 188 2834 405 2890; x_wconf 90' lang='lat' dir='ltr'><strong>scriuer</strong></span> <span class='ocrx_word' id='word_1_292' title='bbox 432 2836 485 2890; x_wconf 90' lang='lat' dir='ltr'><strong>al</strong></span> <span class='ocrx_word' id='word_1_293' title='bbox 512 2837 778 2893; x_wconf 88' lang='lat' dir='ltr'><strong>cardenal</strong></span> <span class='ocrx_word' id='word_1_294' title='bbox 804 2839 850 2892; x_wconf 96' lang='lat' dir='ltr'>F</span> <span class='ocrx_word' id='word_1_295' title='bbox 853 2855 1053 2893; x_wconf 90' lang='lat' dir='ltr'><strong>arnese</strong></span> <span class='ocrx_word' id='word_1_296' title='bbox 1080 2840 1187 2893; x_wconf 92' lang='lat' dir='ltr'><strong>che</strong></span> <span class='ocrx_word' id='word_1_297' title='bbox 1214 2837 1416 2894; x_wconf 84' lang='lat' dir='ltr'><strong>facessi</strong></span> <span class='ocrx_word' id='word_1_298' title='bbox 1446 2846 1651 2908; x_wconf 90' lang='lat' dir='ltr'><strong>questo</strong></span> <span class='ocrx_word' id='word_1_299' title='bbox 1680 2837 1943 2909; x_wconf 84' lang='lat' dir='ltr'><strong>collegiO,</strong></span> <span class='ocrx_word' id='word_1_300' title='bbox 1975 2837 2054 2891; x_wconf 92' lang='lat' dir='ltr'><strong>lui</strong></span> <span class='ocrx_word' id='word_1_301' title='bbox 2075 2839 2229 2893; x_wconf 89' lang='lat' dir='ltr'><strong>dette</strong></span> 
     </span>
     <span class='ocr_line' id='line_1_28' title="bbox 191 2932 2226 3002; baseline 0 -17"><span class='ocrx_word' id='word_1_302' title='bbox 191 2934 372 3000; x_wconf 90' lang='lat' dir='ltr'><strong>parer’</strong></span> <span class='ocrx_word' id='word_1_303' title='bbox 403 2941 621 3000; x_wconf 89' lang='lat' dir='ltr'><strong>contra,</strong></span> <span class='ocrx_word' id='word_1_304' title='bbox 653 2941 711 2989; x_wconf 91' lang='lat' dir='ltr'><strong>et</strong></span> <span class='ocrx_word' id='word_1_305' title='bbox 738 2934 1001 3002; x_wconf 78' lang='lat' dir='ltr'><strong>esshorto</strong></span> <span class='ocrx_word' id='word_1_306' title='bbox 1027 2934 1082 2989; x_wconf 90' lang='lat' dir='ltr'><strong>la</strong></span> <span class='ocrx_word' id='word_1_307' title='bbox 1107 2933 1221 2989; x_wconf 81' lang='lat' dir='ltr'><strong>cita</strong></span> <span class='ocrx_word' id='word_1_308' title='bbox 1246 2954 1279 2990; x_wconf 93' lang='lat' dir='ltr'><strong>a</strong></span> <span class='ocrx_word' id='word_1_309' title='bbox 1305 2952 1420 2988; x_wconf 90' lang='lat' dir='ltr'><strong>non</strong></span> <span class='ocrx_word' id='word_1_310' title='bbox 1449 2935 1611 3002; x_wconf 88' lang='lat' dir='ltr'><strong>farlo,</strong></span> <span class='ocrx_word' id='word_1_311' title='bbox 1642 2933 1884 2990; x_wconf 86' lang='lat' dir='ltr'><strong>dicendo</strong></span> <span class='ocrx_word' id='word_1_312' title='bbox 1911 2936 2014 2989; x_wconf 90' lang='lat' dir='ltr'><strong>che</strong></span> <span class='ocrx_word' id='word_1_313' title='bbox 2039 2951 2153 2988; x_wconf 92' lang='lat' dir='ltr'><strong>non</strong></span> <span class='ocrx_word' id='word_1_314' title='bbox 2179 2932 2226 2986; x_wconf 89' lang='lat' dir='ltr'><strong>si</strong></span> 
     </span>
     <span class='ocr_line' id='line_1_29' title="bbox 191 3027 2226 3102; baseline 0.001 -23"><span class='ocrx_word' id='word_1_315' title='bbox 191 3027 412 3083; x_wconf 91' lang='lat' dir='ltr'><strong>vedeua</strong></span> <span class='ocrx_word' id='word_1_316' title='bbox 438 3027 673 3084; x_wconf 87' lang='lat' dir='ltr'><strong>nissuno</strong></span> <span class='ocrx_word' id='word_1_317' title='bbox 701 3031 878 3084; x_wconf 89' lang='lat' dir='ltr'><strong>frutto</strong></span> <span class='ocrx_word' id='word_1_318' title='bbox 899 3030 991 3085; x_wconf 92' lang='lat' dir='ltr'><strong>del</strong></span> <span class='ocrx_word' id='word_1_319' title='bbox 1012 3029 1254 3102; x_wconf 90' lang='lat' dir='ltr'><strong>collegio</strong></span> <span class='ocrx_word' id='word_1_320' title='bbox 1275 3031 1348 3086; x_wconf 92' lang='lat' dir='ltr'><strong>de</strong></span> <span class='ocrx_word' id='word_1_321' title='bbox 1369 3031 1649 3097; x_wconf 88' lang='lat' dir='ltr'><strong>Palerm0,</strong></span> <span class='ocrx_word' id='word_1_322' title='bbox 1677 3039 1734 3087; x_wconf 87' lang='lat' dir='ltr'><strong>et</strong></span> <span class='ocrx_word' id='word_1_323' title='bbox 1754 3032 1880 3096; x_wconf 88' lang='lat' dir='ltr'><strong>che,</strong></span> <span class='ocrx_word' id='word_1_324' title='bbox 1907 3030 2120 3085; x_wconf 88' lang='lat' dir='ltr'><strong>sibene</strong></span> <span class='ocrx_word' id='word_1_325' title='bbox 2140 3028 2226 3082; x_wconf 88' lang='lat' dir='ltr'><strong>di-</strong></span> 
     </span>
     <span class='ocr_line' id='line_1_30' title="bbox 189 3122 1988 3197; baseline 0.002 -21"><span class='ocrx_word' id='word_1_326' title='bbox 189 3122 335 3178; x_wconf 93' lang='lat' dir='ltr'><strong>ciam</strong></span> <span class='ocrx_word' id='word_1_327' title='bbox 362 3123 652 3196; x_wconf 89' lang='lat' dir='ltr'><strong>insegnar’</strong></span> <span class='ocrx_word' id='word_1_328' title='bbox 682 3125 881 3197; x_wconf 87' lang='lat' dir='ltr'><strong>gratis,</strong></span> <span class='ocrx_word' id='word_1_329' title='bbox 912 3144 1021 3197; x_wconf 94' lang='lat' dir='ltr'><strong>pur</strong></span> <span class='ocrx_word' id='word_1_330' title='bbox 1047 3125 1374 3197; x_wconf 89' lang='lat' dir='ltr'><strong>bisognaria</strong></span> <span class='ocrx_word' id='word_1_331' title='bbox 1399 3126 1554 3182; x_wconf 92' lang='lat' dir='ltr'><strong>darci</strong></span> <span class='ocrx_word' id='word_1_332' title='bbox 1580 3125 1850 3197; x_wconf 88' lang='lat' dir='ltr'><strong>presenti,</strong></span> <span class='ocrx_word' id='word_1_333' title='bbox 1881 3135 1988 3181; x_wconf 87' lang='lat' dir='ltr'><strong>ete.</strong></span> 
     </span>
    </p>

    <p class='ocr_par' dir='ltr' id='par_1_3' title="bbox 183 3221 2230 3390">
     <span class='ocr_line' id='line_1_31' title="bbox 298 3221 2230 3294; baseline -0.001 -20"><span class='ocrx_word' id='word_1_334' title='bbox 298 3221 387 3275; x_wconf 94' lang='lat' dir='ltr'><strong>De</strong></span> <span class='ocrx_word' id='word_1_335' title='bbox 414 3229 617 3290; x_wconf 90' lang='lat' dir='ltr'><strong>questo</strong></span> <span class='ocrx_word' id='word_1_336' title='bbox 643 3222 717 3277; x_wconf 91' lang='lat' dir='ltr'><strong>V.</strong></span> <span class='ocrx_word' id='word_1_337' title='bbox 749 3223 819 3276; x_wconf 93' lang='lat' dir='ltr'><strong>R.</strong></span> <span class='ocrx_word' id='word_1_338' title='bbox 851 3224 1014 3292; x_wconf 76' lang='lat' dir='ltr'><strong>potra</strong></span> <span class='ocrx_word' id='word_1_339' title='bbox 1041 3225 1377 3294; x_wconf 87' lang='lat' dir='ltr'><strong>cognoscer’</strong></span> <span class='ocrx_word' id='word_1_340' title='bbox 1407 3224 1446 3276; x_wconf 89' lang='lat'><strong>1’</strong></span> <span class='ocrx_word' id='word_1_341' title='bbox 1477 3222 1665 3277; x_wconf 91' lang='lat' dir='ltr'><strong>animo</strong></span> <span class='ocrx_word' id='word_1_342' title='bbox 1693 3240 1797 3277; x_wconf 92' lang='lat' dir='ltr'><strong>suo</strong></span> <span class='ocrx_word' id='word_1_343' title='bbox 1818 3221 1874 3275; x_wconf 90' lang='lat' dir='ltr'><strong>in</strong></span> <span class='ocrx_word' id='word_1_344' title='bbox 1896 3229 2072 3291; x_wconf 90' lang='lat' dir='ltr'><strong>parte.</strong></span> <span class='ocrx_word' id='word_1_345' title='bbox 2099 3221 2230 3274; x_wconf 93' lang='lat' dir='ltr'><strong>Vno</strong></span> 
     </span>
     <span class='ocr_line' id='line_1_32' title="bbox 183 3314 2230 3390; baseline 0 -22"><span class='ocrx_word' id='word_1_346' title='bbox 183 3315 258 3370; x_wconf 90' lang='lat' dir='ltr'><strong>de</strong></span> <span class='ocrx_word' id='word_1_347' title='bbox 283 3315 491 3385; x_wconf 91' lang='lat' dir='ltr'><strong>questi,</strong></span> <span class='ocrx_word' id='word_1_348' title='bbox 524 3335 558 3371; x_wconf 93' lang='lat' dir='ltr'><strong>a</strong></span> <span class='ocrx_word' id='word_1_349' title='bbox 583 3316 677 3372; x_wconf 92' lang='lat' dir='ltr'><strong>chi</strong></span> <span class='ocrx_word' id='word_1_350' title='bbox 705 3319 932 3372; x_wconf 91' lang='lat' dir='ltr'><strong>haueua</strong></span> <span class='ocrx_word' id='word_1_351' title='bbox 961 3335 1236 3390; x_wconf 90' lang='lat' dir='ltr'><strong>persuaso</strong></span> <span class='ocrx_word' id='word_1_352' title='bbox 1265 3319 1337 3375; x_wconf 90' lang='lat' dir='ltr'><strong>de</strong></span> <span class='ocrx_word' id='word_1_353' title='bbox 1362 3336 1476 3373; x_wconf 88' lang='lat' dir='ltr'><strong>non</strong></span> <span class='ocrx_word' id='word_1_354' title='bbox 1508 3320 1666 3385; x_wconf 87' lang='lat' dir='ltr'><strong>farlo,</strong></span> <span class='ocrx_word' id='word_1_355' title='bbox 1698 3320 1729 3372; x_wconf 77' lang='lat' dir='ltr'><strong>e</strong></span> <span class='ocrx_word' id='word_1_356' title='bbox 1757 3318 1794 3371; x_wconf 91' lang='lat' dir='ltr'><strong>il</strong></span> <span class='ocrx_word' id='word_1_357' title='bbox 1821 3326 2029 3389; x_wconf 92' lang='lat' dir='ltr'><strong>pretor,</strong></span> <span class='ocrx_word' id='word_1_358' title='bbox 2059 3325 2113 3370; x_wconf 90' lang='lat' dir='ltr'><strong>et</strong></span> <span class='ocrx_word' id='word_1_359' title='bbox 2134 3314 2230 3386; x_wconf 81' lang='lat' dir='ltr'><strong>gia</strong></span> 
     </span>
    </p>
   </div>
   <div class='ocr_carea' id='block_1_3' title="bbox 207 3447 536 3455">
    <p class='ocr_par' dir='ltr' id='par_1_4' title="bbox 207 3447 536 3455">
     <span class='ocr_line' id='line_1_33' title="bbox 207 3447 536 3455; baseline 0 879"><span class='ocrx_word' id='word_1_360' title='bbox 207 3447 536 3455; x_wconf 95' lang='lat' dir='ltr'><strong> </strong></span> 
     </span>
    </p>
   </div>
   <div class='ocr_carea' id='block_1_4' title="bbox 183 3512 2224 3871">
    <p class='ocr_par' dir='ltr' id='par_1_5' title="bbox 276 3512 736 3575">
     <span class='ocr_line' id='line_1_34' title="bbox 276 3512 736 3575; baseline 0.011 -18"><span class='ocrx_word' id='word_1_361' title='bbox 276 3517 288 3541; x_wconf 92' lang='lat'>¹</span> <span class='ocrx_word' id='word_1_362' title='bbox 354 3512 432 3559; x_wconf 80' lang='lat' dir='ltr'><strong>Cf.</strong></span> <span class='ocrx_word' id='word_1_363' title='bbox 457 3515 604 3575; x_wconf 88' lang='lat' dir='ltr'><strong>epist.</strong></span> <span class='ocrx_word' id='word_1_364' title='bbox 628 3526 736 3575; x_wconf 86' lang='lat'><strong>599.</strong></span> 
     </span>
    </p>

    <p class='ocr_par' dir='ltr' id='par_1_6' title="bbox 270 3587 789 3637">
     <span class='ocr_line' id='line_1_35' title="bbox 270 3587 789 3637; baseline 0.01 -6"><span class='ocrx_word' id='word_1_365' title='bbox 270 3591 288 3615; x_wconf 77' lang='lat'>²</span> <span class='ocrx_word' id='word_1_366' title='bbox 352 3587 581 3634; x_wconf 88' lang='lat' dir='ltr'><strong>Sanctius</strong></span> <span class='ocrx_word' id='word_1_367' title='bbox 603 3588 789 3637; x_wconf 90' lang='lat' dir='ltr'><strong>Ochoa.</strong></span> 
     </span>
    </p>

    <p class='ocr_par' dir='ltr' id='par_1_7' title="bbox 274 3660 1015 3722">
     <span class='ocr_line' id='line_1_36' title="bbox 274 3660 1015 3722; baseline 0.009 -18"><span class='ocrx_word' id='word_1_368' title='bbox 274 3662 292 3687; x_wconf 85' lang='lat'><strong>³</strong></span> <span class='ocrx_word' id='word_1_369' title='bbox 354 3660 688 3722; x_wconf 87' lang='lat' dir='ltr'><strong>Hieronymus</strong></span> <span class='ocrx_word' id='word_1_370' title='bbox 711 3665 1015 3711; x_wconf 90' lang='lat' dir='ltr'><strong>Domenech.</strong></span> 
     </span>
    </p>

    <p class='ocr_par' dir='ltr' id='par_1_8' title="bbox 183 3735 2224 3871">
     <span class='ocr_line' id='line_1_37' title="bbox 273 3735 2224 3800; baseline 0.001 -23"><span class='ocrx_word' id='word_1_371' title='bbox 273 3736 291 3761; x_wconf 84' lang='lat'>⁴</span> <span class='ocrx_word' id='word_1_372' title='bbox 354 3735 860 3794; x_wconf 85' lang='lat' dir='ltr'><strong>«Monteregalensem</strong></span> <span class='ocrx_word' id='word_1_373' title='bbox 884 3739 1373 3800; x_wconf 86' lang='lat' dir='ltr'><strong>Archiepiscopatum</strong></span> <span class='ocrx_word' id='word_1_374' title='bbox 1394 3739 1614 3784; x_wconf 87' lang='lat' dir='ltr'><strong>visitavit</strong></span> <span class='ocrx_word' id='word_1_375' title='bbox 1630 3739 1684 3783; x_wconf 92' lang='lat' dir='ltr'><strong>P.</strong></span> <span class='ocrx_word' id='word_1_376' title='bbox 1706 3739 1901 3798; x_wconf 89' lang='lat' dir='ltr'><strong>Laynez</strong></span> <span class='ocrx_word' id='word_1_377' title='bbox 1918 3750 2043 3782; x_wconf 87' lang='lat' dir='ltr'><strong>anno</strong></span> <span class='ocrx_word' id='word_1_378' title='bbox 2065 3745 2224 3792; x_wconf 82' lang='lat'><strong>1549.»</strong></span> 
     </span>
     <span class='ocr_line' id='line_1_38' title="bbox 183 3807 1365 3871; baseline 0.006 -19"><span class='ocrx_word' id='word_1_379' title='bbox 183 3807 459 3865; x_wconf 69' lang='lat' dir='ltr'><strong>PoLANco,</strong></span> <span class='ocrx_word' id='word_1_380' title='bbox 482 3815 519 3854; x_wconf 93' lang='lat' dir='ltr'><strong>t.</strong></span> <span class='ocrx_word' id='word_1_381' title='bbox 542 3821 614 3867; x_wconf 87' lang='lat' dir='ltr'><strong>m,</strong></span> <span class='ocrx_word' id='word_1_382' title='bbox 638 3824 750 3869; x_wconf 85' lang='lat' dir='ltr'><strong>pag.</strong></span> <span class='ocrx_word' id='word_1_383' title='bbox 776 3810 881 3871; x_wconf 86' lang='lat'><strong>232,</strong></span> <span class='ocrx_word' id='word_1_384' title='bbox 904 3828 957 3857; x_wconf 90' lang='lat' dir='ltr'><strong>n.</strong></span> <span class='ocrx_word' id='word_1_385' title='bbox 988 3822 1096 3869; x_wconf 78' lang='lat'><strong>511,</strong></span> <span class='ocrx_word' id='word_1_386' title='bbox 1118 3820 1290 3859; x_wconf 89' lang='lat' dir='ltr'><strong>annot.</strong></span> <span class='ocrx_word' id='word_1_387' title='bbox 1326 3824 1365 3860; x_wconf 88' lang='lat'><strong>1.</strong></span> 
     </span>
    </p>
   </div>
  </div>
 </body>
</html>
