2638 4334
460 248 526 295 *72
1083 249 1379 295 EPISTOLAE
1409 244 1770 298 Mutus—515

517 376 645 432 Del'
673 376 814 433 altre
839 393 971 432 cose
1004 394 1119 431 non
1154 372 1348 446 uoglio
1373 372 1460 427 dir
1504 370 1714 436 niente,
1756 368 1943 425 donde
1966 369 2154 439 quella
2179 387 2252 440 po
2278 387 2404 426 com
2426 402 2444 412 ·

406 471 664 543 prender'
693 471 845 543 quali
879 472 1037 529 siano
1070 471 1108 526 li
1133 467 1473 543 portamenti
1507 466 1617 521 mia
1651 465 1708 519 in
1736 465 2167 523 conseruatione
2202 467 2294 523 del
2329 468 2440 523 ho-

407 571 528 623 nor’
552 569 623 623 de
651 570 720 624 V.
748 570 835 626 S.:
866 569 1054 640 quello
1078 570 1186 624 che
1214 566 1268 621 io
1296 564 1487 636 uoglio
1513 562 1704 618 inferit
1723 561 1890 616 dicio
1915 563 1947 617 ὁ
1975 572 2195 634 questo,
2231 565 2310 621 So
2329 566 2436 620 che

407 665 478 719 V.
511 665 573 721 S.
603 682 686 731 sa,
718 667 823 722 che
849 665 1089 722 essendo
1115 661 1343 735 capitati
1371 659 1468 730 qui
1495 659 1586 713 nel
1612 675 1717 712 suo
1744 660 2065 716 vescouado
2098 661 2212 715 duo
2245 660 2303 715 di
2336 678 2435 716 co·

400 759 506 815 stei
533 760 763 816 chietini
794 763 832 829 ¹,
862 760 1108 818 mandati
1134 761 1206 815 da
1233 775 1334 812 sua
1360 754 1476 813 St&
1509 772 1609 826 per
1636 754 1834 811 ordine
1859 755 1952 811 del
1978 756 2283 828 magnifico
2309 758 2436 841 Offi‘.

404 855 483 911 tio
508 857 528 884 '
558 875 590 912 a
617 857 891 913 risormar’
922 860 1105 929 quest’
1137 856 1296 923 isola,
1327 854 1381 910 io
1408 863 1465 911 et
1491 870 1591 925 per
1616 854 1797 907 honor
1831 851 1889 907 di
1927 854 2134 923 quella,
2173 863 2230 911 et
2265 873 2364 926 per
2400 849 2439 909 1¹

496 1008 509 1035 ¹
570 1004 654 1051 Sic
683 1005 947 1052 Societatis
985 1007 1104 1064 Jesu
1137 1005 1357 1050 alumnos
1394 1002 1705 1062 appellabant
1740 1001 1979 1057 nonnulli,
2017 1001 2214 1048 nomine
2249 1002 2323 1048 eis
2358 1018 2446 1063 per

397 1093 610 1126 errorem
631 1079 853 1126 derivato
873 1095 901 1125 a
924 1081 1070 1125 Petro
1092 1078 1300 1133 Caraffa‚
1322 1077 1438 1122 olim
1457 1076 1689 1135 episcopo
1707 1075 1926 1121 theatino
1942 1075 2029 1134 (de
2049 1074 2256 1135 Chieti),
2275 1084 2446 1137 postea

399 1153 767 1215 archiepiscopo
788 1154 1116 1215 neapolitano,
1140 1152 1335 1198 tandem
1358 1150 1589 1211 pontifice
1612 1162 1805 1195 summo
1826 1152 2002 1208 (1555),
2024 1150 2105 1197 cui
2122 1164 2300 1198 nomen
2321 1153 2445 1199 Pau-

406 1229 481 1274 lus
503 1228 589 1275 IV.
614 1227 708 1274 Hic
731 1228 860 1274 enim
882 1243 992 1273 cum
1016 1228 1124 1272 Sto.
1155 1226 1409 1285 Cajetano,
1430 1231 1485 1269 ut
1506 1230 1674 1270 notum
1705 1230 1800 1280 est,
1831 1224 2118 1271 clericorum
2146 1227 2443 1286 regularium

404 1302 624 1348 ordinem
648 1302 877 1356 instituit,
900 1301 983 1362 qui
1006 1303 1067 1346 ab
1090 1315 1147 1346 eo
1169 1300 1382 1346 theatini
1402 1299 1521 1345 dicti
1544 1305 1679 1344 sunt.

494 1380 512 1406 ¹
576 1379 794 1436 «Questa
815 1377 991 1422 andata
1012 1377 1089 1421 del
1115 1374 1320 1420 Landini
1342 1375 1437 1419 alla
1458 1373 1676 1433 Corsica,
1698 1387 1861 1420 mosse
1883 1374 1934 1420 in
1956 1375 2111 1435 prima
2139 1375 2218 1421 da’
2249 1375 2444 1436 Signori

406 1451 523 1498 dell’
548 1452 707 1498 ufficio
727 1452 777 1497 di
799 1452 849 1497 S.
875 1451 1079 1510 Giorgio
1095 1450 1144 1495 di
1161 1450 1453 1496 Genova...»
1472 1450 1725 1512 BARTOLl,
1748 1449 1803 1494 L’
1822 1449 1998 1503 Italia,
2017 1450 2103 1496 lib.
2121 1462 2194 1511 m,
2210 1465 2318 1512 cap.
2335 1464 2444 1510 4.-

408 1527 483 1571 De
504 1527 596 1572 hoc
617 1526 796 1587 officio,
822 1526 927 1572 sive
949 1532 1122 1571 senatu
1144 1523 1242 1569 Sti.
1271 1522 1476 1582 Georgii
1507 1524 1658 1569 multa
1686 1524 1998 1584 reperiuntur
2025 1525 2155 1586 apud
2182 1526 2447 1587 scriptores

406 1602 730 1660 genuensium
753 1600 1068 1660 reipublicae,
1091 1599 1170 1644 cui
1199 1598 1398 1644 Corsica
1428 1597 1668 1657 subjacet.
1707 1598 1834 1644 Vide
1873 1599 2117 1657 GRAEvn,
2162 1601 2448 1648 Thesaurus

406 1676 771 1734 antiquitatum
795 1679 841 1719 et
861 1674 1194 1720 historiarum
1218 1673 1420 1726 Italiae,
1445 1680 1481 1718 t.
1504 1683 1539 1732 1,
1562 1672 1692 1733 apud
1707 1687 1853 1733 quem
1881 1674 2002 1719 haec
2032 1674 2179 1721 tradit
2207 1675 2445 1736 Hierony-

408 1764 515 1795 mus
536 1749 598 1795 de
622 1750 844 1795 MARlle
865 1748 915 1794 in
938 1763 1026 1793 suo
1049 1762 1194 1808 opere
1218 1748 1294 1793 De
1322 1746 1578 1794 Genuensi
1594 1747 1982 1808 gubernatione,
2017 1764 2127 1810 cap.
2164 1761 2217 1796 11:
2249 1750 2447 1810 «Aliud,

409 1830 459 1868 et
479 1823 599 1869 illud
622 1822 832 1881 insigne,
855 1820 1089 1867 Tribunal
1111 1821 1160 1867 in
1182 1821 1453 1880 Republica
1474 1828 1569 1880 est,
1592 1821 1903 1868 Protectores
1919 1822 2093 1869 domus
2110 1823 2279 1872 Sancti
2295 1825 2449 1872 Geor-

405 1897 523 1956 gii.»
547 1897 705 1956 Hujus
727 1896 982 1942 tribunalis
1005 1897 1111 1942 sive
1133 1896 1448 1954 magistratus
1470 1894 1711 1955 originem
1733 1896 1863 1942 idem
1885 1908 2055 1944 auctor
2075 1899 2238 1959 pergit
2266 1900 2449 1947 descri-

408 1974 542 2017 bere:
567 1971 804 2031 «Quando
825 1972 1063 2018 aerarium
1088 1971 1337 2032 publicum
1360 1971 1585 2017 maximis
1607 1978 1659 2017 et
1687 1972 2056 2020 continentibus
2086 1974 2230 2021 bellis
2259 1990 2347 2036 per
2376 1982 2448 2022 tot

408 2052 539 2091 retro
559 2046 754 2090 saecula
775 2046 1066 2091 exhaustum
1089 2051 1180 2101 est3
1206 2059 1560 2104 saepenumero
1581 2045 1796 2106 oportuit
1814 2048 2026 2093 mutuari
2043 2049 2296 2107 pecunias,
2313 2049 2446 2095 ideo·

387 2134 502 2179 que
524 2120 743 2179 publicos
764 2119 950 2165 reditus
973 2119 1293 2180 oppignerare
1315 2126 1366 2165 et
1388 2121 1541 2166 multa
1570 2121 1831 2180 vectigalia
1858 2121 1909 2168 in
1946 2124 2159 2169 solutum
2195 2123 2446 2171 creditori·

410 2195 501 2239 bus
522 2193 655 2252 dare,
679 2209 766 2254 per
786 2194 1021 2254 ipsosmet
1042 2194 1310 2240 creditores
1331 2195 1598 2254 exigenda.
1626 2197 1794 2256 thue
1823 2197 2107 2244 eorumdem
2136 2198 2445 2246 indemnitati

408 2259 762 2327 consuleretur,
784 2268 913 2314 facta
935 2276 1011 2315 est
1031 2269 1206 2315 iisdem
1228 2285 1256 2315 a
1277 2269 1547 2330 Republica
1569 2276 1787 2331 potestas
1810 2286 1873 2316 ex
1894 2286 1949 2318 se
1971 2272 2090 2332 ipsis
2121 2273 2445 2334 quadringen-

411 2350 568 2388 torum
591 2343 863 2389 Concilium
886 2344 1118 2402 eligendi,
1142 2350 1193 2389 et
1214 2344 1555 2403 Magistratum
1577 2359 1765 2403 eorum,
1787 2361 1910 2407 quos
1942 2346 2158 2393 diximus
2194 2355 2304 2395 octo
2331 2350 2445 2395 Pro·

409 2423 665 2474 tectorum,
688 2418 906 2479 aliosque
929 2419 1141 2464 minores
1163 2418 1479 2478 Magistratus
1509 2419 1636 2479 [sive
1664 2419 1922 2481 officiales]
1950 2422 2300 2484 constituendi,
2331 2439 2449 2485 quo-

410 2507 515 2537 rum
539 2493 752 2538 muneris
775 2500 869 2551 est,
892 2493 1073 2539 nedum
1095 2494 1523 2554 oppigneratorum
1546 2494 1863 2554 vectigalium
1884 2497 2096 2557 exactio,
2126 2497 2215 2544 sed
2234 2498 2448 2545 cuicum-

410 2582 505 2627 que
526 2567 772 2627 creditori,
795 2582 882 2628 pro
906 2568 1049 2614 modo
1075 2568 1269 2629 crediti,
1294 2568 1430 2628 justa
1458 2568 1655 2627 solutio,
1694 2576 1745 2616 et
1780 2586 2195 2633 quarumcumque
2231 2573 2450 2621 civilium

410 2643 852 2688 controversiarum
881 2643 943 2688 de
980 2643 1258 2703 hujusmodi
1294 2645 1462 2703 rebus,
1500 2650 1551 2689 et
1587 2659 1755 2691 earum
1792 2645 2067 2704 occasione,
2098 2647 2450 2710 cujuscumque

409 2716 556 2762 etiam
577 2717 798 2777 capitalis
819 2718 1057 2779 criminis,
1074 2718 1216 2778 juxta
1242 2718 1563 2780 Reipublicae
1592 2721 1749 2780 leges,
1778 2722 1965 2782 absque
1994 2723 2342 2783 provocatione
2371 2739 2452 2771 co·

408 2790 565 2848 gnitio
582 2790 933 2853 judiciumque.
953 2793 1081 2839 Huic
1098 2793 1424 2840 Universitati
1440 2795 1593 2840 multa
1609 2809 1638 2840 a
1652 2794 1923 2855 Republica
1939 2796 2197 2856 privilegia
2213 2811 2449 2846 concessa

408 2872 537 2921 sunt3
562 2866 780 2926 adeoque
802 2866 1031 2925 religiose
1053 2867 1316 2924 custodita,
1338 2874 1394 2914 ut
1414 2882 1513 2914 non
1533 2868 1782 2916 defuerint
1801 2869 1886 2931 qui
1907 2869 1958 2916 in
1974 2885 2072 2917 una
2086 2870 2304 2918 Civitate
2324 2873 2446 2920 duas

407 2940 685 2997 putaverint
706 2941 1026 3001 Respublicas
1047 2942 1358 3000 constitutas,
1380 2943 1511 3004 quod
1539 2942 1709 3005 utique
1740 2943 1918 2991 falsum
1950 2952 2044 2992 est.
2078 2946 2330 3005 Quantum
2361 2963 2447 3008 po-

411 3014 602 3059 testatis
624 3015 735 3060 huic
759 3015 1082 3063 Universitati
1102 3032 1131 3062 a
1151 3018 1423 3078 Republica
1450 3018 1618 3064 datum
1651 3026 1745 3076 est,
1778 3020 2083 3067 tantumdem
2120 3020 2282 3068 eidem
2315 3023 2446 3083 apud

411 3101 597 3146 omnes,
620 3089 767 3134 etiam
789 3095 1004 3149 exteros,
1025 3091 1336 3139 conciliatum
1357 3099 1436 3139 est
1455 3092 1711 3153 dignitatis
1732 3108 1789 3140 ac
1810 3093 1983 3140 fidei.»
2001 3095 2177 3143 Petrus
2192 3097 2444 3155 BleRus,

412 3162 488 3207 De
508 3166 645 3208 statu
665 3167 711 3209 et
731 3165 1173 3212 administratione
1195 3168 1344 3229 Reip.
1377 3156 1674 3223 Genuensis,
1697 3169 1747 3215 in
1766 3170 2032 3229 graeviana
2052 3170 2288 3231 editione,
2309 3173 2351 3219 1.
2373 3188 2446 3227 c.,

411 3237 484 3281 col
498 3269 509 3281 .
543 3238 674 3297 1460,
696 3238 882 3285 scribit:
904 3241 1020 3286 «Est
1042 3248 1091 3286 et
1108 3242 1231 3287 alius
1248 3249 1441 3302 praeter
1458 3258 1562 3303 eos,
1580 3258 1704 3305 quos
1720 3243 1934 3291 diximus
1951 3245 2285 3305 Magistratus,
2301 3262 2448 3308 quem

414 3308 505 3369 ipsi
530 3313 593 3357 D.
624 3313 827 3371 Georgii
849 3322 1045 3360 vocant.
1077 3317 1219 3362 Hunc
1241 3333 1269 3363 a
1291 3317 1458 3364 multis
1476 3318 1635 3376 annis,
1666 3318 1858 3366 scilicet
1884 3321 1947 3365 ab
1973 3319 2116 3385 annis
2148 3328 2339 3382 septem
2366 3337 2452 3379 *su-

416 3399 498 3443 pra
520 3386 830 3433 millesimum
852 3389 1385 3449 quadringentesimum
1408 3393 1706 3451 institutum,
1730 3394 1853 3441 adeo
1867 3395 2124 3442 florentem
2146 3403 2292 3458 atque
2321 3413 2453 3444 sum·

416 3474 490 3504 ma
513 3460 750 3518 dignitate
772 3463 1053 3523 subnixum,
1077 3465 1206 3511 omni
1231 3468 1464 3514 memoria
1484 3469 1849 3530 conspeximus,
1882 3476 1935 3517 ut
1960 3484 2059 3517 non
2089 3470 2265 3518 mirum
2293 3474 2376 3531 sit,
2407 3474 2451 3520 si

413 3533 499 3578 hac
523 3536 824 3594 potissimum
848 3545 1138 3598 tempestate
1161 3541 1221 3586 ad
1244 3557 1523 3602 supremum
1546 3545 1743 3591 honoris
1767 3545 1958 3606 apicem
1986 3545 2299 3593 devenerit...
2330 3547 2449 3606 Ejus

412 3614 546 3653 certe
568 3611 805 3657 beneficio
825 3612 1119 3672 Respublica
1137 3615 1422 3674 jamdudum
1445 3619 1602 3675 stetit,
1626 3627 1677 3666 et
1698 3621 1790 3667 hoc
1811 3628 2038 3668 assecuta
2058 3628 2155 3680 est,
2179 3628 2233 3668 ut
2252 3637 2447 3684 semper

412 3683 559 3727 rebus
580 3683 759 3740 dubiis,
784 3688 1024 3747 prosperis
1047 3696 1096 3735 et
1118 3690 1336 3737 adversis
1359 3692 1615 3739 incolumis
1636 3695 1775 3755 quasi
1798 3697 1890 3741 hoc
1919 3694 2237 3743 fundamento
2264 3697 2446 3743 consti-

413 3756 545 3815 terit,
569 3759 699 3804 etad
722 3759 874 3818 illum,
898 3776 987 3807 ceu
1019 3763 1078 3808 ad
1109 3764 1433 3813 firmissimam
1463 3783 1708 3829 ancoram,
1742 3785 1934 3831 semper
1964 3770 2262 3832 confugerit3
2301 3786 2442 3819 voca-
