2638 4334
996 255 1052 289 zo
1083 245 1334 303 JANUARn
1369 248 1481 305 1553
2144 271 2196 317 71

1170 505 1311 557 515

807 615 1106 676 JOANNES
1140 617 1465 664 BAPTISTA
1498 620 1691 668 TISEO

639 708 1219 797 [RALDUINO
1282 726 1403 780 DE
1469 726 1850 801 BARGA]

858 852 1048 889 BAsnA
1081 854 1138 887 20
1168 853 1412 899 JANUARn
1447 841 1560 901 1553
1594 846 1632 889 ¹.

466 812 520 821 ια’

227 952 543 999 Marianensis
566 954 781 1014 episcopi
803 955 1013 1001 vicarius
1036 970 1182 1015 aegre
1205 955 1301 1001 fert
1329 956 1595 1003 adventum
1619 958 1817 1004 Patrum
1848 959 2053 1006 Landini
2083 970 2132 1007 et
2163 965 2260 1009 Go-

313 1041 435 1083 mes,
458 1041 486 1071 a
507 1027 737 1087 pontifice
760 1028 810 1074 in
833 1029 1083 1075 Corsicam
1106 1029 1543 1077 missorum.-—Eos
1561 1031 1690 1092 apud
1706 1047 1847 1078 suum
1865 1034 2150 1096 antistitem,
2169 1038 2260 1082 Ro-

311 1117 419 1148 mae
440 1101 724 1161 degentem,
746 1111 961 1150 accusat.
975 1106 1119 1151 —Pro
1140 1105 1373 1151 canonico
1394 1106 1601 1166 quodam
1622 1106 1929 1167 deprecatur.

1221 1225 1259 1299 †

337 1346 500 1401 Rmo.
542 1344 875 1417 monsignor
920 1345 1032 1400 mio
1077 1345 1609 1402 obseruandissimO.
1660 1347 2051 1420 Quantunque
2093 1349 2148 1405 io
2180 1351 2264 1407 sia

229 1451 384 1500 certo
411 1446 517 1502 che
543 1446 617 1501 V.
649 1445 709 1501 S.
742 1445 901 1508 Rma.
935 1442 1017 1499 sia
1043 1462 1077 1498 a
1102 1442 1270 1515 pieno
1298 1442 1597 1500 informata
1623 1444 1773 1515 quali
1809 1443 1968 1501 siano
1987 1447 2119 1501 stati
2140 1447 2262 1503 sino

226 1541 286 1596 in
311 1543 449 1598 hora
474 1541 514 1596 li
538 1539 878 1614 portamenti
904 1539 1016 1596 mia
1040 1541 1135 1597 nel
1160 1558 1266 1596 suo
1293 1542 1634 1611 vescouadO,
1664 1550 1722 1598 et
1742 1543 1847 1597 che
1873 1560 1974 1614 per
2007 1543 2131 1598 farli
2157 1547 2260 1599 ho-

224 1657 361 1695 nore
387 1658 505 1695 non
530 1641 608 1695 ho
634 1646 860 1695 cercato
885 1639 958 1694 ne
997 1654 1161 1693 cerco
1199 1638 1505 1694 d'auanzar
1546 1637 1759 1707 niente3
1792 1638 2133 1696 nondimeno
2159 1659 2261 1696 vo-

224 1736 342 1809 glio
368 1738 459 1792 ch’
490 1737 545 1791 al
576 1743 841 1808 presente
873 1734 1104 1791 intenda
1140 1735 1211 1790 da
1244 1754 1335 1792 me
1370 1733 1555 1806 questi
1585 1735 1698 1791 dua
1724 1734 2064 1807 particolari:
2095 1756 2261 1809 pero-

224 1835 329 1889 che
356 1834 411 1889 la
436 1851 587 1901 casa,
621 1833 787 1904 quale
814 1831 997 1905 hoggi
1026 1840 1203 1905 tengo
1232 1851 1265 1888 a
1291 1850 1459 1889 nome
1484 1833 1555 1887 de
1591 1834 1664 1889 V.
1703 1834 1791 1900 S.,
1828 1834 1860 1887 e
1886 1834 1957 1890 de
1990 1833 2028 1887 li
2055 1834 2261 1906 meglio

221 1930 278 1985 di
306 1938 505 2002 questa
542 1938 711 1998 terra;
742 1929 1096 1997 secondario‚
1127 1929 1166 1984 il
1202 1929 1433 2002 signore
1470 1937 1850 2002 gouernatore
1894 1929 1951 1984 di
1978 1931 2209 1986 Corsica
2241 1932 2259 1958 ²

220 2045 320 2100 per
338 2028 565 2101 parlar’,
588 2046 704 2083 non
725 2046 758 2083 a
784 2027 1012 2084 Giouan
1034 2026 1276 2082 Battista
1295 2027 1367 2084 de
1388 2026 1758 2099 Castiglione,
1790 2046 1880 2082 ma
1899 2048 1933 2083 a
1953 2030 2138 2099 quello
2157 2031 2261 2084 che

222 2134 550 2198 rapresenta
576 2128 648 2183 V.
674 2126 735 2183 S.
762 2128 950 2194 Rma.,
981 2124 1029 2180 si
1054 2125 1087 2180 ἐ
1113 2125 1362 2197 degnato
1387 2125 1459 2181 de
1486 2123 1732 2194 uenirui,
1761 2132 1818 2179 et
1844 2125 1978 2181 nelli
1997 2126 2117 2181 loro
2143 2126 2253 2181 sin-

220 2221 391 2278 dicati
417 2222 477 2278 in
496 2224 549 2280 le
576 2241 748 2281 cause
773 2222 830 2279 di
865 2223 1105 2295 qualche
1141 2222 1434 2291 difficulta,
1471 2240 1609 2280 sene
1642 2239 1782 2278 sono
1817 2222 2047 2279 rimesse
2081 2224 2134 2278 al
2160 2242 2261 2296 pa-

220 2338 309 2376 rer
336 2339 468 2376 mio.

304 2522 319 2550 ¹
383 2523 456 2569 Ex
478 2524 757 2584 apographo
778 2523 830 2570 in
851 2524 948 2569 vol.
973 2524 1142 2584 Epist.
1170 2524 1507 2578 diversorum,
1532 2523 1715 2584 duplici
1744 2523 1880 2583 folio,
1918 2539 1972 2570 n.
2017 2537 2091 2583 50,
2129 2525 2260 2584 prius

215 2598 320 2658 203,
345 2599 832 2660 204.—Quamquam
855 2598 906 2657 in
928 2599 1135 2659 epistola
1164 2613 1262 2644 non
1292 2597 1582 2658 exprimitur
1618 2614 1798 2646 nomen
1835 2599 1982 2658 illius,
2020 2599 2081 2644 ad
2116 2614 2259 2659 quem

215 2674 363 2739 missa
399 2680 494 2734 est,
528 2673 741 2720 dubitari
778 2688 877 2720 non
913 2680 1077 2734 potest
1113 2673 1232 2734 quin
1262 2687 1320 2718 ea
1342 2674 1524 2734 scripta
1545 2673 1698 2719 fuerit
1718 2674 1916 2721 domino
1938 2674 2175 2720 Balduino
2197 2675 2257 2719 de

215 2753 392 2810 Barga,
410 2751 641 2811 episcopo
657 2749 971 2808 marianensi,
989 2749 1130 2809 cujus
1146 2750 1433 2797 dioeceseos
1454 2757 1602 2811 caput
1621 2745 1727 2798 erat
1742 2750 1927 2810 Bastia,
1945 2750 2174 2810 oppidum
2191 2749 2261 2795 in-

215 2828 351 2872 sulae
372 2825 600 2872 Corsicae
623 2825 922 2886 primarium,
948 2825 1063 2872 «ubi
1083 2824 1370 2872 Praefectus
1391 2826 1534 2884 regni
1546 2825 1628 2886 jus
1645 2826 1933 2872 mortalibus
1949 2825 2115 2871 dicit.»
2134 2824 2259 2870 Vide

218 2903 479 2960 UGHELLI,
500 2901 659 2947 Italia
679 2915 846 2954 sacra,
870 2906 912 2945 t.
939 2910 1010 2958 lv,
1033 2901 1126 2946 col.
1151 2911 1401 2959 999-1002.
1433 2900 1534 2960 Qui
1556 2907 1746 2958 auctor,
1771 2907 1807 2946 t.
1832 2912 1868 2959 1,
1891 2901 1985 2945 col.
2009 2913 2097 2958 494
2134 2899 2260 2958 ejus-

217 2977 330 3022 dem
351 2976 531 3036 operis,
553 2977 674 3021 haec
695 2990 850 3036 pauca
870 2974 932 3020 de
962 2974 1046 3020 illo
1077 2975 1240 3021 tradit:
1281 2975 1579 3021 «Balduinus
1615 2976 1677 3022 de
1714 2974 1965 3021 Balduinis
2002 2974 2063 3020 de
2100 2976 2255 3033 Barga

217 3052 515 3114 (Praelatus
535 3051 832 3096 domesticus
851 3053 898 3096 et
919 3051 1187 3096 continuus
1207 3051 1557 3096 commensalis
1579 3051 1779 3112 Papae)
1800 3049 2071 3110 Episcopus
2086 3050 2255 3094 Maria-

216 3125 403 3185 nensis,
424 3125 486 3172 ad
505 3126 631 3171 hanc
652 3124 821 3171 sedem
846 3123 928 3184 [ad
950 3124 1118 3171 sedem
1140 3125 1447 3185 aversanam]
1470 3127 1734 3172 translatus
1756 3132 1833 3171 est
1854 3139 1980 3170 anno
2014 3134 2143 3182 1554,
2173 3123 2253 3168 die

216 3199 274 3246 30
293 3200 476 3246 Martii.
505 3198 734 3247 Interfuit
756 3200 910 3247 Cone.
942 3200 1080 3246 Trid.
1112 3199 1388 3246 Defunctus
1410 3207 1487 3246 est
1508 3215 1636 3247 anno
1670 3200 1830 3258 1581.»
1861 3198 1943 3246 Cf.
1980 3200 2250 3253 POLANCO,

215 3283 250 3321 t.
276 3287 347 3335 m,
371 3290 486 3336 pag.
516 3275 592 3335 88,
615 3281 780 3320 annot.
808 3285 850 3331 1,
873 3275 958 3320 ubi
980 3274 1158 3320 dicitur
1179 3275 1446 3321 Balduinus
1467 3275 1530 3321 de
1551 3277 1709 3334 Barga
1739 3274 2091 3320 marianensem
2120 3272 2253 3318 dioe-

215 3351 387 3408 cesim,
411 3350 508 3397 sibi
530 3350 846 3409 assignatam,
871 3366 934 3396 ne
956 3350 1165 3396 intrasse
1186 3350 1402 3411 quidem,
1425 3351 1556 3412 quod
1578 3351 1725 3397 etiam
1748 3352 1953 3396 affirmat
1976 3349 2145 3405 GAMS,
2171 3348 2252 3393 Se-

216 3429 316 3474 ries
338 3428 719 3488 Episcoporum,
743 3441 859 3486 pag.
883 3426 995 3494 766.

301 3507 319 3532 ²
382 3502 569 3548 Lamba
589 3501 638 3547 d'
662 3500 797 3558 Oria,
821 3517 911 3548 seu
931 3507 987 3548 ut
1007 3503 1069 3548 ab
1086 3500 1194 3548 aliis
1210 3501 1457 3558 scribitur,
1476 3502 1641 3548 Doria:
1662 3517 1769 3561 nos,
1796 3508 1848 3547 ut
1866 3501 1960 3546 fert
1984 3499 2247 3545 hodiernus

217 3592 353 3635 usus,
376 3577 527 3623 Doria
547 3576 828 3623 scribimus.
858 3577 1033 3622 Latino
1054 3592 1279 3623 sermone
1308 3577 1468 3623 dictus
1506 3583 1582 3622 est
1619 3578 1766 3623 etiam
1808 3576 2017 3621 Lambas
2052 3575 2238 3619 Auria.

215 3652 375 3711 Hujus
411 3651 668 3697 clarissimi
706 3652 816 3711 viri,
854 3653 938 3712 qui
974 3652 1169 3698 Bastiae
1199 3652 1463 3707 residebat,
1494 3652 1676 3712 passim
1699 3651 1995 3697 mentionem
2017 3649 2132 3693 facit
2154 3649 2247 3693 Po-

221 3736 415 3782 LANCO,
439 3732 481 3770 t.
510 3737 583 3784 111,
606 3737 928 3785 pag.·92-109:
954 3726 1174 3786 ejusdem
1195 3741 1281 3786 pro
1311 3726 1530 3772 Landino
1567 3727 1814 3786 epistolas,
1844 3725 1893 3770 in
1931 3725 2099 3769 urbem
2138 3722 2246 3766 mis-

226 3810 328 3855 sas,
351 3796 476 3843 infra
497 3796 827 3857 producimuS,
850 3813 905 3844 n.
944 3797 1025 3856 561
1051 3805 1101 3844 et
1122 3812 1263 3858 seqq.
