2638 4334
1076 290 1148 324 AD
1180 289 1464 324 LECTOREM
2183 297 2199 329 1
2213 297 2230 330 1

234 317 330 374 χ

239 412 492 487 quentia,
525 418 841 479 auctaeque
869 416 1003 462 sunt
1032 408 1261 462 scholae
1295 406 1707 485 discipulerum
1735 428 1992 478 numero,
2025 412 2082 466 in
2110 413 2298 468 studia

203 494 205 496 .
243 510 448 567 acriter
491 481 1080 575 incu⁸mbentium.(15
1120 504 1306 574 Sept.,
1348 518 1419 575 29
1453 505 1639 575 Decl).
1690 508 1779 561 De
1816 508 2297 579 Italia-provincia

244 606 401 664 satis:
442 605 514 659 ad
557 603 818 657 Siciliam
858 600 1264 666 convertimur,
1309 599 1402 654 cui
1443 601 1801 672 praepositus
1841 612 1927 659 est
1956 607 2021 658 P.
2047 608 2299 677 Joannes

248 703 635 772 Hieronymus
662 700 1016 757 Domenech.
1532 709 1534 713 “
1694 691 1700 704 '

355 797 467 853 Hie
491 814 625 852 cum
661 794 829 850 sociis
870 803 1135 849 terrestre
1162 793 1303 860 iter,
1332 794 1630 866 Neapolim
1676 813 1897 863 versus,
1942 799 2294 868 aggreditur:

242 894 356 963 alii,
388 893 446 947 in
475 892 726 950 Siciliam
754 908 982 961 quoque
1010 889 1297 956 destinati,
1330 891 1470 944 mari
1497 909 1558 946 se
1585 892 1742 945 dant.
1776 893 2139 962 Tempestate
2166 897 2295 965 pro-

237 990 422 1057 hibiti,
455 990 678 1046 Ostiam
713 988 995 1043 divertere
1030 996 1320 1058 coguntur
1356 989 1407 1059 (8
1438 988 1650 1059 Mart.):
1684 988 1777 1043 alii
1806 989 2101 1059 Neapolim
2143 991 2300 1061 prius

239 1087 497 1154 veniuht,
530 1095 587 1142 et
615 1087 803 1140 fausta
828 1085 901 1140 de
936 1083 1178 1155 collegio
1215 1101 1282 1138 ac
1317 1085 1390 1138 de
1421 1086 1488 1139 Ρ.
1529 1085 1880 1150 Salmerone,
1921 1087 1991 1139 ad
2027 1088 2298 1156 populum

239 1183 548 1239 conciones
573 1183 844 1244 habente,
875 1180 1135 1234 scribunt
1164 1183 1252 1253 (12
1290 1182 1503 1252 Mart.>.
1544 1183 1608 1235 In
1643 1181 1993 1252 provinciam
2028 1183 2302 1238 advectus

186 1303 194 1314 2
241 1281 594 1345 Domenech,
638 1278 921 1331 Bibonam
969 1276 1252 1344 concedit,
1298 1285 1361 1331 ut
1400 1278 1573 1348 hujus
1612 1277 1843 1332 ditionis
1882 1279 2059 1335 duces
2098 1297 2300 1334 consa-

241 1378 407 1443 lutet,
437 1375 535 1446 qui
562 1375 744 1447 primo
771 1391 1084 1465 cpngressu
1110 1392 1242 1428 eum
1271 1384 1497 1446 rogant,
1535 1374 1674 1430 velit
1709 1374 1965 1431 Bibonae
2001 1375 2303 1432 Societatis

241 1472 548 1544 collegium
600 1470 840 1526 institui.
898 1473 1051 1524 Dum
1099 1489 1291 1525 -moras
1342 1473 1677 1528 Domenech
1739 1473 1811 1526 ad
1873 1472 2298 1527 deliberandum

239 1569 438 1637 nectit,
470 1569 823 1624 Bernardum
851 1562 1190 1634 Oliverium,
1223 1586 1394 1637 quem
1422 1570 1604 1624 Roma
1637 1569 1973 1634 deduxerat,
2014 1572 2300 1626 Montem-

240 1668 492 1739 regalem
520 1665 711 1731 mittit,
742 1666 816 1720 de
842 1664 1086 1736 collegio
1113 1664 1191 1718 ibi
1226 1666 1526 1721 condendo
1561 1674 1844 1733 acturum,
1884 1675 2055 1738 prout
2090 1685 2123 1720 a
2158 1668 2204 1720 F
2207 1685 2298 1720 ar-

238 1741 421 1832 nesiO,
460 1761 754 1828 cardinali,
785 1761 845 1815 in
878 1761 1160 1816 mandatis
1186 1763 1452 1818 habebat.
1487 1762 1756 1817 Panormi
1782 1762 2000 1839 inteoea
2028 1763 2300 1819 Societati

241 1880 302 1916 se
330 1860 646 1931 adjungere
673 1845 1206 1914 statuit¹Balthasar
1232 1860 1306 1915 de
1346 1845 1574 1926 TorreS,
1618 1859 1878 1931 proregis
1916 1860 2172 1915 medicus
2211 1860 2301 1913 in-

239 1957 440 2029 signis,
473 1966 531 2012 et
566 1955 846 2012 Octavius
875 1955 1092 2024 Cesari,
1124 1956 1245 2012 sive
1281 1955 1657 2024 Octavianam,
1688 1958 2020 2013 adolescens
2055 1956 2301 2028 optimae

238 2054 381 2125 spei,
420 2053 539 2124 qui,
580 2052 774 2107 insciis
810 2052 1161 2123 parentibus,
1201 2073 1405 2110 navem
1444 2054 1684 2126 Neapoli
1719 2055 2148 2122 conscenderat,
2190 2072 2302 2124 qua

241 2152 598 2207 vehebantur
626 2150 785 2217 socii,
816 2160 875 2205 et
903 2150 961 2205 in
987 2169 1185 2206 eorum
1213 2170 1514 2209 numerum
1542 2151 1903 2208 annumerari
1926 2152 2297 2223 efflagitabat,

243 2240 832 2318 Deum'hominesque
858 2249 1226 2316 obstestatus,
1258 2267 1321 2304 se
1348 2268 1382 2304 a
1407 2249 1526 2304 suis
1546 2249 1833 2320 prohiberi
1862 2248 2165 2319 quominus
2193 2249 2300 2303 Dei

243 2362 463 2411 vocem,
496 2345 569 2400 ad
597 2343 941 2401 Societatem
970 2346 1249 2412 vocantis,
1282 2355 1618 2416 sequeretur
1645 2347 1755 2418 (12,
1783 2347 1852 2401 28
1875 2347 2060 2417 Apr.).
2087 2346 2302 2399 Montis

242 2442 569 2514 regalensis
611 2441 836 2512 collegii
877 2441 1037 2496 initia
1072 2443 1327 2498 referunt
1363 2441 1652 2498 Oliverius
1689 2444 1780 2514 (16
1813 2444 1974 2514 Maj.,
2017 2458 2087 2510 24
2114 2444 2297 2515 Jun.),

240 2547 298 2595 et
324 2537 509 2594 Lainii
536 2537 754 2593 amicus
782 2527 1007 2610 Seguer
1034 2547 1133 2594 aut
1160 2540 1436 2611 Seguera,
1477 2549 1542 2594 ut
1567 2540 1692 2595 aliis
1725 2541 1931 2612 placet,
1965 2542 2054 2611 (17
2092 2540 2294 2610 Sept.):

238 2634 453 2689 instant
475 2653 577 2705 pro
598 2653 703 2689 suo
725 2635 980 2690 Bibonae
1000 2635 1244 2707 collegio
1265 2636 1555 2692 Elisabeth
1576 2638 1648 2692 de
1670 2639 1836 2709 Vega
1858 2640 1873 2707 (
1884 2653 1903 2691 Ι
1924 2638 2065 2710 Jul.,
2084 2638 2117 2690 6
2141 2636 2298 2705 Oct.)

235 2731 476 2801 ejusque
502 2731 741 2786 maritus
770 2734 975 2814 Petrus
1003 2734 1076 2788 de
1103 2734 1269 2788 Luna
1297 2735 1346 2805 (5
1378 2734 1557 2804 Oct.):
1590 2733 1779 2790 renuit
1802 2733 2082 2790 Octavius
2102 2732 2296 2787 Cesari

239 2829 312 2882 ad
331 2846 486 2894 suOS,
511 2828 609 2898 qui
631 2847 763 2884 eum
785 2831 1140 2900 repetebant,
1166 2829 1322 2886 adire
1345 2832 1455 2901 (¹18,
1483 2847 1548 2885 21
1569 2832 1730 2904 Jul.),
1756 2841 1814 2886 et
1835 2831 2174 2902 genitorem,
2199 2829 2297 2898 qui

241 2925 314 2979 ad
338 2924 525 2995 ipsum
553 2927 625 2979 de
647 2925 930 2982 sententia
955 2912 1376 2982 deturbandum
1414 2938 1667 2994 venerat,
1707 2927 1938 2984 caelesti
1976 2925 2299 2995 eloquentia

238 3020 490 3076 devincit
511 3022 600 3094 (18
623 3023 826 3094 Sept.).
853 3025 984 3078 Non
1007 3031 1198 3079 tamen
1218 3023 1318 3078 diu
1338 3033 1603 3095 parentes
1625 3023 1784 3081 fuere
1806 3024 1940 3079 boni
1962 3022 2180 3079 consilii
2210 3032 2295 3078 te*

239 3135 430 3174 naceS.
464 3118 580 3174 Sed
608 3122 748 3174 haec
786 3121 859 3174 ad
905 3138 1117 3174 annum
1147 3123 1744 3190 sequentem.—I'nter
1770 3124 1911 3176 haec
1938 3118 2297 3192 provincialis

237 3215 505 3271 volvebat
531 3214 721 3270 animo
747 3216 1051 3271 Messanae
1077 3214 1313 3271 domum
1341 3217 1694 3288 probationis
1727 3217 1786 3271 in
1813 3217 2102 3273 meliorem
2140 3214 2297 3269 urbis

234 3311 604 3368 mamertinae
635 3311 809 3367 situm
836 3313 1127 3368 constitui:
1159 3323 1427 3368 emuntur
1454 3315 1625 3371 aedes
1654 3317 1699 3386 (1
1717 3331 1763 3382 1,
1805 3331 1868 3384 13
1898 3314 2075 3381 Oct.),
2107 3312 2297 3367 studia

233 3406 452 3478 vigent:
509 3386 691 3478 pietafs
746 3409 993 3478 fovetur,
1050 3410 1330 3482 religione
1382 3410 1739 3481 potissimum
1793 3409 2060 3481 precandi
2107 3411 2293 3464 Deum

230 3502 388 3558 horis
415 3504 703 3560 continuis
730 3523 807 3561 xL
837 3508 947 3577 (13,
976 3523 1039 3575 31
1076 3508 1255 3577 Oct.);
1294 3508 1593 3579 disciplina
1626 3508 1914 3579 virginum
1951 3509 2076 3561 Deo
2102 3482 2288 3559 sacra-

233 3616 358 3653 rum
385 3599 444 3653 in
471 3601 753 3656 c>enobio
779 3602 1154 3659 Ascensionis
1181 3605 1252 3658 ab
1279 3604 1516 3661 interitu
1541 3604 1863 3658 vindicatur
1886 3605 1997 3674 (24,
2025 3604 2094 3657 26
2116 3604 2288 3668 Nov.;

243 3707 328 3763 15,
362 3697 452 3762 26,
486 3713 556 3765 30
582 3698 767 3777 Dec).
794 3698 1060 3769 Denique
1088 3718 1219 3754 cum
1249 3702 1316 3756 P.
1342 3703 1597 3774 Joannes
1623 3701 1937 3765 GuttanUS,
1976 3700 2129 3768 qued
2165 3698 2292 3766 qui-

236 3791 367 3845 dem
418 3792 725 3848 dolendum
779 3804 886 3861 est,
944 3813 977 3849 a
1030 3796 1208 3851 turcis
1254 3797 1637 3867 praedonibus
1683 3799 1886 3867 eaptus
1932 3795 2129 3849 fuisset
2176 3796 2286 3865 (23,
