2638 4334
1098 302 1149 350 ¹7
1181 293 1323 352 Jmm
1358 293 1471 351 ¹553
2146 301 2234 360 343

1156 548 1296 601 mv
1330 550 1406 596 bis

908 674 1262 721 SILVESTER
1295 675 1637 723 LANDINUS
1791 729 1793 731 ¹

720 787 951 843 PATRI
990 788 1317 844 IGNATIO
1355 789 1457 843 DE
1497 789 1823 845 LOYOLA

926 924 1118 976 'canno
1155 923 1209 972 17
1239 924 1373 969 Jmm
1407 913 1522 971 1553
1558 916 1595 960 ¹.

245 1028 453 1075 Lambas
475 1030 641 1088 Doria,
664 1030 893 1077 Corsicae
921 1034 1237 1091 gubernator,
1267 1046 1503 1092 responsa
1533 1032 1594 1077 ad
1630 1047 1744 1078 suas
1776 1033 1964 1080 litteras
1997 1045 2282 1097 exoptat.—

332 1104 480 1150 Dolet
509 1104 756 1150 Landinus
776 1105 907 1166 quod
935 1119 961 1150 a
985 1121 1039 1152 se
1070 1106 1214 1152 datae
1236 1106 1475 1166 epistolae
1504 1107 1695 1166 Ignatio
1724 1107 1944 1154 redditae
1974 1125 2069 1156 non
2098 1113 2283 1158 sint.—

331 1179 406 1224 De
448 1179 764 1225 Emmanuele
801 1179 1326 1226 Gomes.--Landinus
1363 1180 1540 1241 oppida
1573 1181 1969 1241 circumjacentia
2003 1187 2279 1243 perlustrat:

328 1251 539 1298 Cardum
561 1251 995 1298 venit.-Fructus
1033 1267 1094 1298 ex
1125 1253 1415 1298 lustratione
1445 1253 1971 1313 perceptus.-Studia
2000 1256 2278 1304 amicorum.

1181 1358 1330 1413 IHS.

347 1475 526 1531 Molto
550 1474 662 1529 mio
689 1476 831 1529 Rdo.
867 1459 1051 1539 Padre
1078 1475 1172 1530 nel
1197 1484 1391 1530 nostro
1421 1475 1683 1548 Signore.
1724 1478 1808 1532 La
1845 1496 2062 1534 somma
2096 1481 2278 1551 gratia

232 1580 292 1626 et
317 1589 474 1626 amor
498 1579 695 1628 eterno
729 1570 787 1625 di
822 1548 937 1627 X.‘5
966 1582 1161 1627 nostro
1197 1571 1427 1643 signore
1455 1574 1527 1628 V.
1560 1574 1628 1628 R.
1668 1573 1837 1628 saluti
1872 1582 1929 1629 et
1964 1574 2115 1630 uisiti
2149 1578 2278 1632 colli

229 1667 355 1723 suoi
381 1667 527 1723 santi
554 1667 690 1722 doni
717 1677 774 1725 et
801 1668 985 1740 gratie
1018 1668 1312 1740 spirituali.
1355 1670 1450 1724 Ho
1487 1668 1749 1726 riceuuto
1787 1688 1900 1725 una
1937 1671 1995 1725 di
2030 1672 2164 1727 duoi
2198 1673 2276 1727 dil

225 1772 508 1836 presente,
538 1764 596 1818 di
622 1766 694 1820 V.
727 1766 823 1833 R.,
853 1765 1002 1821 doue
1028 1764 1104 1819 mi
1131 1783 1272 1821 sono
1298 1765 1653 1837 ricapitulate
1679 1775 1833 1823 certe
1861 1785 1992 1822 cose
2020 1769 2092 1825 de
2133 1770 2273 1824 altre

224 1880 346 1918 sue.
397 1862 441 1916 11
478 1861 709 1933 signore
743 1869 1126 1934 gouernatore
1165 1861 1355 1917 riceue
1390 1863 1444 1917 la
1478 1871 1710 1934 patente
1746 1864 1894 1920 delle
1928 1865 2111 1936 gratie
2146 1866 2273 1919 colli

221 1957 349 2013 altri
375 1956 878 2030 gentilhuo[mi]ni;
910 1977 1004 2013 ma
1037 1977 1153 2013 non
1190 1960 1262 2014 ha
1294 1958 1425 2026 mai,
1470 1958 1546 2013 mi
1586 1958 1733 2027 dice,
1777 1962 1993 2015 hauuto
2034 1960 2274 2031 risposta

161 2116 168 2125 ,
219 2054 352 2109 dalli
378 2053 523 2110 Rmi.
550 2054 842 2123 cardinali,
871 2056 945 2110 ne
971 2056 1045 2110 da
1070 2057 1144 2111 V.
1176 2057 1271 2124 R„
1303 2065 1361 2111 et
1388 2057 1564 2110 molto
1590 2056 1644 2111 le
1670 2055 1930 2112 desidera
1955 2058 1994 2111 ².
2192 2128 2198 2135 α

329 2153 496 2222 Dopo
521 2152 577 2206 la
601 2150 808 2222 partita
841 2144 899 2206 di
926 2153 1005 2207 Μ.
1050 2150 1409 2219 Sebastiano,
1448 2154 1524 2207 ho
1552 2151 1750 2207 scritto
1779 2152 1918 2224 ogni
1946 2153 2263 2221 settimana,

218 2256 275 2304 et
301 2248 432 2316 due,
463 2256 521 2305 et
542 2256 648 2315 tre,
678 2257 736 2303 et
762 2257 965 2319 quatro
991 2249 1192 2305 lettere
1219 2268 1252 2303 a
1286 2250 1359 2304 V.
1392 2251 1486 2318 R.,
1525 2258 1750 2305 eccetto
1788 2258 2008 2319 questa,
2041 2259 2099 2306 et
2133 2268 2265 2305 cose

215 2343 273 2398 di
300 2343 667 2415 importanza.
706 2344 787 2400 Mi
821 2344 1016 2416 doglio
1049 2362 1166 2399 non
1200 2344 1360 2400 siano
1395 2354 1544 2402 state
1579 2363 1705 2402 rese
1739 2346 1792 2400 al
1827 2354 2109 2416 presente:
2148 2364 2262 2400 non

210 2458 383 2511 posso
426 2440 765 2512 ricapitolar’
808 2460 910 2512 per
948 2440 1059 2497 mia
1096 2440 1533 2512 indisposition’.
1565 2442 1610 2496 Il
1637 2443 1703 2496 P.
1738 2443 2015 2496 Emanuel
2054 2459 2262 2496 ancora

208 2555 322 2590 non
349 2538 381 2591 e
407 2536 702 2606 ritornato,
733 2555 895 2593 come
921 2537 1002 2609 gli
1027 2537 1238 2605 scrissi,
1270 2539 1492 2594 benche
1520 2539 1577 2593 fa
1609 2540 1767 2593 buon
1806 2539 1980 2592 frutto
2017 2537 2074 2591 in
2108 2538 2258 2609 paci,

204 2642 264 2688 et
289 2632 650 2688 confessioni.
683 2634 742 2688 Io
769 2633 846 2687 mi
880 2652 1022 2689 sono
1067 2633 1241 2689 misso
1286 2634 1347 2688 in
1388 2634 1558 2690 uisita
1603 2634 1762 2706 quiui
1809 2634 2021 2688 incirco
2055 2635 2109 2688 13
2145 2636 2256 2688 Ba-

204 2729 330 2784 stia.
362 2731 521 2785 Hora
541 2748 683 2785 sono
703 2730 763 2784 in
785 2749 898 2786 una
920 2739 1088 2797 terra,
1114 2727 1222 2788 che
1241 2730 1289 2786 si
1310 2730 1533 2786 chiama
1552 2732 1740 2786 Cardo
1762 2730 2007 2797 Piccola;
2031 2748 2123 2784 ma
2149 2748 2255 2783 no-

201 2833 319 2879 stro
344 2825 586 2897 Signore
612 2827 667 2881 la
701 2827 757 2882 fa
790 2827 1009 2899 grande
1046 2827 1176 2882 colli
1211 2827 1337 2882 suoi
1371 2827 1528 2882 doni:
1571 2828 1760 2897 quello
1788 2829 1919 2880 c’ha
1949 2827 2088 2879 fatto
2114 2824 2170 2878 in
2199 2825 2255 2878 la

203 2920 396 2977 Bastia
419 2921 479 2977 in
503 2921 794 2990 diuturno,
820 2941 934 2994 qua
960 2940 1070 2978 con
1098 2918 1310 2979 facilita
1336 2932 1394 2978 et
1420 2924 1597 2979 breue
1625 2932 1814 2994 tempo
1834 2924 1907 2975 ha
1934 2929 2166 2992 operato
2191 2919 2250 2974 in

202 3025 360 3072 tanta
397 3018 717 3086 concordie,
757 3019 1100 3074 confessioni
1139 3028 1197 3076 et
1235 3018 1560 3075 comunioni
1600 3018 1738 3091 ogni
1775 3017 2070 3072 domenica
2109 3034 2244 3070 uno:

199 3131 316 3168 non
342 3131 410 3170 ce
435 3115 507 3169 ne
534 3122 705 3181 resta,
736 3133 890 3186 pare,
922 3117 1030 3170 che
1056 3115 1103 3171 si
1131 3117 1497 3170 mandassero
1517 3114 1651 3169 delli
1673 3114 1909 3185 operarij
1934 3121 1991 3169 et
2011 3111 2242 3183 pastori,

198 3210 305 3263 che
333 3210 623 3266 facesseno
657 3211 756 3282 piu
783 3220 954 3267 conto
991 3211 1071 3266 dil
1106 3229 1327 3283 sangue
1363 3229 1560 3283 sparso
1597 3210 1653 3265 di
1688 3209 1817 3276 X.⁰,
1856 3210 1961 3263 che
1996 3208 2066 3262 de
2100 3208 2251 3263 bene

285 3435 296 3460 ¹
359 3433 434 3477 Ex
451 3435 754 3494 autographo
775 3435 828 3480 in
852 3436 948 3480 vol.
972 3436 1030 3492 E,
1054 3434 1239 3494 duplici
1255 3433 1392 3492 folio,
1416 3448 1461 3478 n.
1489 3435 1565 3490 98,
1588 3433 1721 3492 prius
1750 3442 1846 3488 195.

273 3505 292 3532 ⁹
353 3505 479 3551 Vide
501 3507 647 3566 epist.
669 3507 778 3567 616,
802 3508 887 3554 ubi
904 3509 1026 3554 haec
1050 3508 1198 3554 etiam
1231 3507 1562 3565 attinguntur.
1611 3503 1788 3564 Ignatii
1817 3502 2014 3562 quidem
2052 3501 2243 3547 litteras

185 3577 246 3622 ad
259 3580 637 3636 gubernatorem
659 3581 890 3628 Corsicae
913 3582 963 3628 in
980 3582 1060 3627 via
1077 3581 1327 3627 interiisse
1343 3579 1578 3625 discimus
1602 3593 1665 3624 ex
1687 3579 1868 3623 Cartas
1884 3576 1943 3620 de
1964 3575 2069 3620 San
2087 3575 2239 3635 Igna-

185 3652 278 3705 ci0‚
302 3658 338 3697 t.
356 3665 427 3706 111,
450 3668 564 3713 pag.
586 3655 804 3715 406-407‚
822 3655 1035 3714 238-241:
1062 3656 1242 3701 Doriae
1266 3662 1429 3700 autem
1452 3654 1702 3713 epistolaS‚
1728 3652 1788 3696 de
1818 3649 1996 3709 quibus
2014 3648 2123 3693 heic
2140 3662 2237 3692 ser-

187 3738 284 3782 mo,
303 3739 448 3785 supra
470 3726 800 3785 exhibuimus,
824 3743 874 3773 n.
899 3727 1114 3787 561-563‚
1132 3728 1194 3773 ad
1215 3726 1495 3787 pontificem
1514 3726 1794 3794 maximum,
1814 3722 1875 3767 ad
1894 3721 2157 3779 Ignatium,
2175 3720 2236 3765 ad

184 3798 482 3844 cardinalem
498 3798 595 3849 Sti.
626 3799 919 3847 Clementis.
