2638 4334
482 295 571 354 348
1092 296 1388 343 Emsromss
1419 296 1631 343 Mutua
1638 306 1781 356 —019

421 424 629 480 manda
653 441 767 495 qua
791 441 869 478 vn
895 440 1001 479 suo
1029 422 1263 496 figliolo;
1293 431 1352 480 et
1380 423 1647 480 hauendo
1672 426 1939 482 mandato
1971 426 2161 498 alcunj
2191 427 2468 499 presenti,

422 536 538 575 non
563 520 809 576 hauemo
835 517 945 576 mai
969 517 1207 591 pigliato
1241 518 1454 587 niente,
1494 520 1569 575 ne
1602 520 1675 577 de
1710 519 1791 576 lui
1826 520 1885 576 ni
1924 522 1996 579 de
2036 523 2199 579 altro.
2244 524 2470 594 Questo

421 614 632 683 scriu0‚
661 613 819 670 accio
846 616 918 671 V.
950 616 1019 672 R.
1050 614 1134 671 sia
1159 614 1397 681 auisat0,
1427 612 1476 670 si
1504 615 1654 673 forse
1687 615 1968 675 scriuesse
2000 618 2205 675 alcuna
2241 635 2376 675 cosa
2408 619 2465 675 al

419 711 706 768 cardenal.
756 712 888 767 Non
931 729 1108 784 penso
1137 710 1409 766 accadera
1447 710 1572 766 farli
1612 710 1863 769 scriuere
1902 712 2119 780 niente,
2170 716 2376 785 perche
2420 715 2464 772 il

424 809 490 863 P.
523 808 602 863 Μ.
635 806 967 863 Hieronimo
996 809 1298 879 procurera
1324 805 1363 860 11
1389 805 1564 863 scriui
1589 806 1630 861 il
1664 807 1870 875 vicere,
1908 817 1967 866 et
1999 809 2048 865 si
2084 809 2122 864 li
2148 810 2363 882 pas-essi
2388 812 2461 870 de

419 902 505 959 far
530 901 802 971 scriuere,
830 921 1010 975 penso
1037 902 1183 959 saria
1209 903 1400 958 buono
1436 919 1551 959 non
1586 902 1897 961 intendessi
1930 906 2038 962 che
2076 904 2130 961 01
2162 905 2343 962 siamo
2376 907 2462 962 la-

424 1007 700 1067 mentato,
731 998 1056 1071 imperoche
1082 997 1516 1057 esteriormente
1540 998 1594 1056 01
1620 1000 1677 1055 fa
1702 1017 1921 1056 careza.

532 1095 577 1151 11
603 1094 801 1167 signor
826 1094 1032 1168 priore,
1064 1097 1142 1151 M.
1176 1093 1530 1165 Hieronymo
1556 1095 1836 1166 Seguera‚
1866 1097 1900 1152 ὲ
1925 1114 2039 1168 qua
2057 1113 2226 1154 ,come
2265 1107 2463 1154 nostro

422 1190 627 1259 Padre,
658 1190 1024 1263 agiutandoci
1051 1208 1162 1247 con
1193 1189 1479 1263 consiglio
1505 1200 1564 1247 et
1594 1192 1797 1259 fauor',
1828 1191 2118 1248 incitando
2142 1192 2182 1247 il
2207 1194 2412 1266 popolo
2431 1212 2465 1249 a

421 1286 584 1345 venir
609 1287 718 1344 alle
741 1286 1029 1358 prediche,
1060 1286 1310 1344 dottrina
1334 1295 1392 1344 et
1418 1304 1453 1342 a
1478 1287 1732 1343 mandar'
1762 1286 1782 1342 i
1807 1287 1891 1344 soi
1919 1288 2119 1360 figlioli
2146 1289 2256 1346 alla
2289 1291 2460 1346 scho-

420 1383 495 1450 la,
526 1382 584 1439 in
611 1384 779 1438 modo
805 1384 912 1440 che
938 1382 1020 1438 lui
1045 1384 1079 1439 e
1105 1382 1164 1439 in
1190 1383 1409 1455 grande
1434 1391 1595 1456 parte
1620 1401 1794 1440 cause
1831 1385 1904 1440 de
1939 1392 2090 1441 tutto
2126 1385 2317 1456 quello
2351 1388 2458 1444 che

420 1478 468 1535 si
495 1481 527 1535 ὁ
556 1480 696 1535 fatto
723 1497 835 1550 qua
859 1497 961 1551 per
986 1478 1172 1535 insino
1198 1480 1421 1548 adesso;
1457 1487 1517 1536 et
1541 1479 1679 1552 ogni
1713 1480 1917 1553 giorno
1950 1480 2176 1553 seguita
2209 1481 2308 1554 pisi
2342 1483 2456 1538 fer-

422 1583 802 1633 uentemente.
834 1575 898 1633 Si
924 1593 1153 1648 paresse
1179 1594 1212 1631 a
1238 1577 1310 1632 V.
1343 1577 1412 1632 R.
1444 1577 1551 1632 che
1576 1575 1617 1631 il
1644 1578 1711 1632 P.
1744 1578 1823 1634 M.
1855 1559 2076 1649 Ignatio
2103 1576 2141 1631 li
2175 1577 2456 1635 scriuesse

418 1671 623 1726 alcuna
649 1672 869 1739 lettera,
898 1688 933 1727 o
959 1681 1287 1728 veramente
1321 1671 1360 1727 il
1395 1673 1462 1728 P.
1503 1671 1615 1729 M.⁰
1651 1673 1900 1743 Laynez,
1939 1674 2047 1728 0118
2080 1673 2136 1729 10
2170 1691 2457 1746 cognosce

418 1767 593 1823 molto
619 1766 785 1835 bene,
816 1785 852 1823 o
879 1768 1014 1824 tutti
1038 1767 1132 1824 doi
1158 1786 1194 1824 o
1220 1767 1475 1836 nissunO,
1505 1785 1668 1825 come
1693 1768 1733 1824 li
1759 1771 1958 1841 patera
1989 1771 2026 1826 ¹.

534 1864 667 1935 Qua
692 1882 812 1919 non
837 1866 1084 1922 hauemo
1111 1867 1431 1932 correttor',
1461 1883 1554 1921 ma
1578 1863 1618 1920 li
1644 1864 1875 1922 maestri
1895 1864 2192 1937 castigano
2211 1864 2249 1920 li
2270 1865 2458 1937 figlio-

423 1959 482 2027 li,
514 1968 672 2032 parte
698 1961 907 2032 perche
931 1978 1049 2016 non
1077 1960 1355 2016 trouiamo
1380 1978 1623 2033 persona
1648 1960 1854 2017 idonea
1879 1961 2054 2016 fidata
2086 1978 2187 2033 per
2222 1962 2300 2015 tal
2332 1962 2458 2017 offi-

420 2055 531 2124 cio;
561 2066 620 2113 et
646 2055 685 2111 il
711 2056 942 2129 signore
969 2059 1333 2129 gouernator'
1364 2057 1385 2084 ¹
1413 2074 1531 2113 non
1555 2055 1608 2112 ci
1635 2056 1843 2114 vienne
1875 2055 2023 2114 bene
2048 2056 2108 2111 in
2135 2058 2304 2113 modo
2339 2057 2458 2114 nis-

420 2170 587 2223 suno,
609 2152 852 2210 dicendo
871 2156 978 2211 che
997 2172 1099 2226 per
1118 2153 1306 2226 questi
1330 2153 1588 2227 principij
1618 2172 1735 2209 non
1753 2152 1807 2209 ci
1828 2154 2054 2209 bastara
2079 2154 2134 2209 la
2154 2153 2364 2210 intrata
2382 2156 2455 2213 de

421 2264 530 2305 200
567 2262 618 2309 V
655 2267 755 2322 per
781 2249 1151 2307 intertenirci.
1185 2251 1323 2319 Pur,
1354 2248 1403 2304 si
1429 2251 1484 2306 al
1511 2252 1579 2306 P.
1611 2251 1691 2306 M.
1716 2248 1938 2322 Ignatio
1964 2249 2003 2304 11
2023 2267 2157 2322 pare
2178 2249 2454 2308 inconue·

416 2345 610 2402 niente
637 2348 744 2401 che
770 2345 810 2400 11
837 2346 1066 2404 maestri
1093 2346 1390 2419 castigatio
1414 2346 1454 2402 li
1479 2346 1700 2419 figlioli,
1730 2346 1783 2402 01
1815 2345 2181 2403 sforciaremo
2215 2355 2454 2403 conten-

415 2443 522 2499 tar'
549 2442 589 2499 il
614 2446 1005 2515 gouernator',
1034 2462 1069 2497 o
1099 2443 1181 2499 far
1207 2445 1315 2501 che
1340 2461 1454 2499 vno
1479 2442 1614 2499 delli
1640 2442 1740 2515 pisi
1765 2443 1983 2515 grande
2011 2442 2255 2498 scholari
2279 2442 2455 2499 faccia

416 2539 606 2610 quello
633 2538 839 2606 officie,
871 2538 910 2593 il
936 2541 1044 2596 che
1082 2542 1206 2611 pur'
1236 2538 1470 2598 haueria
1494 2541 1679 2596 anche
1711 2538 1902 2596 alcuni
1936 2538 2362 2597 inconuenienti
2398 2550 2457 2596 et

413 2633 708 2693 difficulta.
742 2636 861 2690 Pur
887 2644 1264 2707 espetteremo
1290 2636 1345 2692 la
1369 2634 1631 2709 risposta.

527 2730 591 2789 Si
615 2748 753 2803 pare
777 2750 811 2787 a
837 2732 908 2788 V.
943 2733 1008 2787 R.
1042 2734 1149 2789 che
1175 2731 1235 2788 in
1262 2733 1469 2789 alcuno
1495 2749 1628 2789 caso
1662 2732 1813 2790 fosse
1845 2731 2166 2788 necessaria
2203 2750 2318 2787 vna
2354 2750 2457 2805 pa-

418 2823 575 2885 tente
600 2828 748 2884 delle
774 2828 958 2901 gratie
983 2831 1090 2885 che
1125 2828 1202 2885 mi
1237 2829 1396 2885 detto
1433 2828 1474 2883 il
1514 2831 1581 2885 P.
1627 2830 1708 2886 M.
1754 2828 1979 2901 Ignatio
2019 2829 2247 2900 quando
2287 2828 2343 2884 io
2380 2828 2457 2883 mi

417 2923 562 2995 parti
582 2924 655 2981 de
675 2925 875 2992 Roma,
898 2923 1023 2980 cioe
1051 2933 1197 2982 tutte
1223 2925 1411 2997 quelle
1436 2926 1546 2983 0118
1566 2924 1682 2998 puo
1707 2925 1854 2992 dar',
1881 2925 2026 2979 fuor’
2050 2925 2123 2980 de
2143 2925 2364 2997 legger'
2387 2923 2457 2979 li·

416 3018 504 3074 bri
529 3019 786 3088 heretici,
816 3021 866 3076 si
891 3039 1006 3076 non
1033 3039 1133 3093 per
1158 3024 1341 3095 saper'
1371 3021 1420 3078 si
1446 3038 1630 3081 sonno
1665 2995 1920 3079 heretici.
1965 3022 2103 3077 Item
2138 3021 2193 3076 la
2224 3019 2453 3093 dispen-

415 3115 635 3173 satione
661 3117 791 3174 delli
817 3117 1075 3191 degiuni,
1106 3128 1163 3175 et
1189 3117 1323 3187 cibi,
1353 3127 1412 3176 et
1437 3118 1511 3177 de
1544 3117 1651 3173 dir'
1690 3118 1728 3173 l'
1759 3116 1973 3185 officie,
2004 3118 2075 3174 V.
2103 3118 2172 3173 R.
2205 3115 2282 3171 mi
2320 3134 2453 3188 pro-

417 3212 587 3268 messi
614 3214 686 3270 de
711 3213 1115 3271 mandarmela.
1154 3216 1214 3271 Io
1248 3233 1426 3287 penso
1458 3215 1567 3271 0118
1601 3216 1648 3271 s'
1690 3215 1724 3271 ὲ
1762 3212 2177 3270 dismenticato:
2221 3230 2339 3268 non
2377 3212 2453 3267 mi

414 3325 556 3364 curo
581 3310 758 3366 molto
785 3311 856 3366 de
893 3312 1144 3378 hauerla‚
1181 3310 1230 3367 si
1263 3328 1380 3369 non
1415 3310 1455 3366 li
1483 3313 1685 3383 patera
1720 3311 1828 3368 0118
1866 3309 1924 3364 111
1963 3310 2168 3364 alcuno
2207 3325 2340 3365 caso
2380 3309 2456 3363 mi

416 3405 567 3460 fosse
594 3406 912 3463 necessaria
940 3424 1039 3478 per
1068 3408 1421 3464 monstrarla.
1453 3408 1526 3463 V.
1558 3409 1628 3463 R.
1660 3408 1731 3464 de
1761 3414 1964 3478 questo
1985 3415 2043 3463 et
2062 3406 2135 3462 de
2155 3404 2293 3477 ogni
2314 3405 2456 3461 altre

410 3517 545 3557 cose
572 3502 727 3559 dette
755 3502 932 3559 faccia
958 3503 1188 3561 corneli
1222 3506 1439 3576 patera.
1479 3504 1808 3562 Solamente
1846 3504 1955 3559 che
1996 3501 2073 3556 mi
2110 3501 2318 3558 habbia
2355 3519 2457 3574 per

414 3595 859 3655 ricommandato
881 3599 1013 3657 nelli
1034 3600 1118 3656 soi
1144 3599 1402 3672 sacrificij
1432 3610 1490 3657 et
1510 3598 1770 3656 orationi.
1795 3600 1855 3655 Io
1874 3607 1965 3654 sto
1985 3599 2189 3655 adesso
2209 3616 2287 3653 vn
2308 3614 2455 3670 poco

505 3731 519 3758 ¹
584 3730 709 3776 Vide
734 3731 877 3791 infra,
899 3732 1046 3792 epist.
1064 3734 1170 3790 670.

499 3801 519 3828 ⁸
581 3804 870 3852 Vincentius
891 3804 954 3851 de
979 3806 1255 3864 Nobilibus,
1278 3821 1386 3865 seu,
1410 3813 1463 3853 ut
1484 3806 1594 3854 aliis
1615 3808 1793 3867 placet,
1816 3805 1878 3852 de
1902 3804 2084 3852 Nobili.
