2638 4334
386 287 472 340 [9ο
1009 281 1311 327 Epis-rous
1342 278 1703 336 Minu—562

316 408 435 466 Sta
472 410 568 472 V..
602 417 760 464 tanto
789 426 888 480 per
914 407 1193 465 interesso
1221 405 1451 479 publico
1472 414 1687 476 quanto
1708 423 1808 476 per
1827 404 2072 478 priuat0,
2098 407 2206 460 che
2231 423 2377 466 vuo-

317 504 399 578 gli
424 504 786 577 risguardare
806 511 1010 576 questo
1035 522 1143 559 suo
1163 520 1377 575 pouero
1397 518 1622 574 gregge
1642 518 1751 555 con
1772 501 1809 556 1’
1834 500 2003 557 ochio
2023 502 2371 569 amoreuole,

312 620 349 658 e
371 601 430 657 di
457 610 695 673 paterna
726 600 879 674 pieta
905 599 1180 673 agintarsi
1208 619 1240 655 e
1268 597 1612 654 mantenersi
1649 597 1838 667 quello
1862 599 1971 653 che
2003 598 2102 669 gia
2129 600 2376 654 hauemo

313 696 655 755 cominciato
680 715 715 752 a
738 698 986 770 gustar',
1016 696 1215 768 poiche
1242 696 1316 752 de
1335 695 1459 750 loro
1481 693 1686 760 meriti,
1712 693 1873 748 frutti
1894 702 1951 751 et
1982 694 2172 751 buone
2197 712 2371 766 opere

311 797 423 853 che
448 793 499 850 si
524 793 729 850 cibano
754 810 871 849 non
899 792 1123 865 puotria
1150 809 1251 864 per
1275 792 1330 847 la
1356 789 1538 847 verita
1564 809 1596 845 e
1622 787 2030 847 stabillimento
2058 790 2209 847 della
2234 789 2369 845 reli-

314 890 454 964 gion
480 889 768 957 cristiana,
799 891 992 946 ancor'
1030 890 1139 944 che
1165 891 1222 942 n’
1262 886 1506 959 erupisse
1533 884 1691 941 molti
1720 884 1881 957 foin,
1910 886 2203 943 scriuerne
2228 888 2355 942 aba·

314 996 514 1044 stanza
532 1005 567 1043 a
587 987 656 1043 V.
680 988 839 1052 Eme,
869 986 925 1042 13
945 986 1135 1057 quale,
1160 985 1303 1040 oltre
1323 985 1431 1038 che
1459 982 1579 1037 fara
1600 1000 1774 1054 opera
1799 1001 1834 1037 a
1854 982 2012 1038 Iddio
2033 990 2193 1039 tanto
2212 1001 2364 1047 cara,

311 1103 347 1140 e
373 1084 566 1156 degna
599 1082 749 1139 della
788 1083 1110 1155 grandezza
1142 1081 1235 1135 del
1262 1081 1438 1150 luogo
1471 1080 1579 1134 che
1614 1077 1787 1144 tiene,
1827 1087 1987 1133 tanto
2020 1078 2118 1151 piu
2144 1082 2192 1135 s'
2222 1079 2367 1135 obli-

308 1182 496 1253 -ghera
516 1189 664 1236 tutta
683 1187 888 1252 questa
906 1177 1070 1243 isola,
1094 1186 1153 1232 et
1173 1176 1232 1231 in
1253 1174 1443 1247 specie
1470 1174 1508 1228 li
1530 1174 1709 1230 nostri
1730 1173 2022 1246 magnifici
2044 1174 2283 1244 signori,
2315 1176 2366 1231 ai

314 1274 538 1349 prieghi
562 1277 637 1332 de
662 1274 816 1347 quali
843 1274 891 1330 si
917 1275 951 1329 e
995 1290 1183 1328 mossa
1227 1270 1382 1327 darei
1427 1279 1634 1342 questo
1663 1270 1956 1342 spirituale
1983 1289 2017 1326 e
2042 1270 2367 1329 santissimo

310 1372 485 1428 dono.
518 1373 565 1427 E
591 1390 693 1444 per
717 1389 837 1426 non
864 1369 1006 1425 darli
1041 1369 1138 1440 piu
1164 1366 1515 1439 longamenti
1554 1366 1800 1433 fastidio,
1836 1366 2152 1423 basiandoli
2187 1367 2206 1422 i
2239 1367 2366 1424 suoi

311 1468 620 1525 santissimi
666 1467 817 1541 piedi
843 1485 952 1523 con
981 1465 1119 1538 ogni
1146 1464 1244 1536 piu
1279 1463 1513 1519 minimo
1546 1481 1729 1536 segno
1755 1464 1811 1518 d'
1855 1463 2115 1532 humilta,
2145 1473 2205 1521 et
2230 1483 2365 1537 pre·

313 1564 545 1638 gandoli
573 1564 738 1622 felice
757 1583 790 1620 e
818 1565 991 1635 longa
1024 1562 1160 1629 vita,
1194 1561 1313 1617 faro
1342 1561 1475 1617 fine.
1507 1563 1598 1616 Da
1632 1561 1687 1615 la
1722 1560 1917 1616 Bastia
1950 1562 2023 1618 de
2062 1561 2300 1618 Corsica
2324 1561 2364 1615 il

308 1661 370 1717 di
396 1678 572 1718 xvnu
601 1660 660 1716 di
688 1663 883 1717 Marzo
910 1663 988 1716 M.
1023 1662 1094 1715 D.
1128 1660 1193 1714 L.
1246 1659 1335 1713 111.
1384 1656 1719 1715 Sanctitatis
1754 1666 1978 1714 vestrae
2013 1657 2365 1713 humillimus

314 1758 374 1813 in
402 1760 501 1814 X.⁰
528 1775 754 1826 seruus,

917 1848 1360 1912 L’AMBAnomA,
1393 1845 1743 1917 gubernator
1772 1844 2061 1902 Corsicae.

422 1944 745 2014 Inscriptio:
773 1941 1154 2016 [B]eatissirno
1180 1940 1411 1996 domino
1437 1940 1668 1996 domino
1703 1950 1919 2008 nostro,
1958 1940 2194 2018 [divina]
2230 1959 2364 2014 pro-

308 2039 562 2097 uidentia
590 2038 835 2095 maximo
864 2038 1138 2111 pontifici.
1173 2038 1369 2092 Manet
1394 2038 1584 2111 sigilli
1608 2039 1938 2110 vestigium.

1248 2309 1413 2363 50ae

1078 2437 1343 2484 LAMBAS
1366 2437 1579 2487 DORIA

772 2560 1002 2615 PATRI
1043 2560 1372 2616 IGNATIO
1414 2561 1518 2616 DE
1559 2561 1886 2617 LOYOLA

969 2703 1157 2739 sAsnA
1195 2703 1249 2753 19
1279 2703 1464 2739 murm
1501 2692 1615 2752 1553
1651 2697 1684 2740 ¹.

422 2811 609 2859 Causas
632 2811 831 2869 indicat,
855 2826 941 2857 cur
963 2812 1183 2858 nonnulli
1206 2812 1256 2858 in
1280 2814 1452 2859 Patres
1476 2813 1686 2861 Landini
1707 2821 1759 2860 et
1781 2807 1968 2862 Go'mes
1990 2816 2222 2862 atrociter

741 2885 1048 2932 invehantur:
1074 2888 1161 2932 hos
1184 2887 1371 2947 prolixe
1394 2888 1613 2934 dilaudat
1635 2896 1687 2935 et
1709 2895 1898 2935 tuetur.

1238 2995 1412 3066 Jesus

410 3101 586 3157 Molto
615 3101 757 3157 Rdo.
789 3118 822 3157 e
850 3103 1103 3173 preclaro
1130 3102 1331 3175 signor
1356 3105 1470 3160 rnio
1498 3106 1591 3163 nel
1631 3106 1844 3179 Signor
1872 3116 2087 3162 nostr0.
2135 3109 2216 3165 Le
2255 3106 2351 3163 lit-

298 3206 415 3253 tere
441 3197 498 3251 di
527 3199 597 3253 V.
633 3199 725 3263 R„
758 3196 922 3269 piene
942 3199 998 3252 d’
1023 3200 1318 3257 humanit&
1338 3221 1371 3258 e
1390 3201 1683 3274 spirituale
1704 3220 1921 3270 amore,
1944 3206 2019 3258 m'
2044 3205 2221 3259 hann'
2243 3220 2350 3277 po·

296 3302 385 3348 sto
405 3296 499 3347 vn'
524 3293 718 3365 obligo
738 3311 908 3349 soura
928 3294 980 3349 le
1002 3296 1196 3366 spasse,
1222 3298 1403 3353 molto
1426 3298 1714 3372 maggior*
1733 3299 1882 3356 delle
1902 3299 2142 3372 pieeiole
2164 3300 2351 3357 forzze

296 3389 427 3454 mie,
458 3409 490 3445 e
519 3398 674 3446 tanta
701 3393 827 3445 sera
864 3391 1128 3463 maggior
1150 3393 1207 3449 13
1232 3393 1344 3450 mia
1371 3394 1751 3466 obligacione‚
1784 3406 2002 3468 quanto
2029 3398 2063 3454 ὁ
2091 3396 2275 3453 minor
2312 3396 2352 3452 il

296 3483 408 3539 mio
437 3485 655 3540 merito.
688 3488 803 3540 Pur
823 3504 922 3557 per
941 3488 1157 3544 seruire
1177 3502 1234 3544 et
1258 3491 1308 3546 al
1331 3492 1525 3548 debito
1546 3492 1658 3547 mio
1678 3492 1963 3550 desiderio
1989 3492 2049 3549 di
2072 3495 2144 3550 V.
2171 3495 2267 3551 R..
2292 3505 2351 3552 et

294 3580 487 3651 obligo
513 3583 619 3636 che
646 3584 838 3638 hanno
868 3583 999 3638 tutti
1029 3586 1214 3655 questi
1243 3587 1421 3643 nostri
1448 3589 1645 3661 populi
1673 3589 1782 3646 alla
1810 3590 2022 3671 santita
2053 3590 2111 3647 di
2152 3600 2348 3648 nostro

389 3716 400 3741 ⁸
466 3712 534 3757 Ex
573 3715 794 3769 originali
836 3716 882 3761 in
923 3718 1019 3762 vol.
1061 3718 1232 3779 Epist.
1258 3720 1598 3780 diversorum,
1621 3722 1806 3784 duplici
1841 3722 1986 3784 folio,
2021 3739 2072 3771 n.
2107 3725 2183 3785 56,
2210 3724 2347 3786 prius

298 3797 404 3845 πο,
428 3796 533 3831 221.
