2638 4334
322 310 408 371 198
794 329 799 339 ·
863 329 871 338 ·
964 302 1263 348 Ems'rOLAss
1294 290 1655 347 Minu—566

369 434 698 507 Inscriptio:
741 431 779 506 ἦ*
827 430 904 487 Al
943 427 1119 484 molto
1153 424 1297 481 Rdo.
1342 425 1420 478 M.
1459 421 1572 474 don
1606 412 1851 485 ignatiO,
1889 409 2122 505 general
2160 407 2317 465 della

260 530 615 606 Compagnia
659 528 718 585 di
761 527 943 584 Giesu
976 555 1051 566 —
1083 554 1158 564 -
1192 552 1266 563 «-
1304 527 1499 574 nostro
1547 513 1720 569 molto
1775 503 2310 566 osseruandissimo.

263 633 463 688 Roma.

1218 904 1376 957 56ss

920 1035 1112 1083 CIVES
1144 1032 1338 1082 URBIS
1369 1029 1655 1076 BASTIAE

578 1157 1157 1240 CARDINALIBUS
1197 1153 1506 1211 CERVINI
1547 1151 1645 1205 ET
1685 1147 1897 1204 MAFF
1902 1145 2005 1201 EO

956 1299 1145 1335 ΒΑετιΛ
1168 1299 1225 1332 20
1245 1296 1427 1332 ulmi-11
1453 1282 1567 1342 1553
1596 1286 1625 1326 ¹.

277 1415 453 1474 Magna
470 1411 599 1472 grati
619 1410 769 1457 animi
789 1406 1145 1467 significatione
1167 1404 1501 1451 testimonium
1522 1401 1584 1447 de
1606 1400 1788 1446 virtute
1810 1412 1867 1444 ac
1888 1393 2154 1443 fructuosis
2181 1394 2322 1440 labo-

363 1488 500 1535 ribus
528 1487 726 1532 Patrum
755 1482 961 1530 Landini
990 1489 1041 1528 et
1061 1482 1243 1528 Gomes
1273 1480 1323 1525 in
1352 1477 1620 1524 excolenda
1647 1473 1848 1523 Corsica
1874 1469 2319 1533 perhibent.--Eos

366 1568 537 1608 contra
555 1558 940 1607 adversariorum
961 1555 1227 1603 calumnias
1244 1554 1385 1600 valde
1404 1552 1499 1598 sibi
1515 1549 1881 1597 commendatos
1902 1545 2072 1592 haberi
2093 1544 2322 1605 cupiunt..

1276 1657 1316 1732 ,ἴ

275 1850 283 1859 ,
394 1783 554 1841 lumi.
587 1802 621 1840 e
647 1780 794 1838 Rmi.
826 1779 1060 1852 signori,
1091 1799 1123 1836 e
1148 1776 1363 1850 signori
1390 1772 1879 1833 osseruandissimi
1904 1773 1948 1828 ².
1988 1770 2204 1828 Poiche':
2229 1769 2319 1825 in·-

285 1880 573 1940 tendiamo
600 1880 707 1935 che
733 1878 787 1933 le
812 1878 873 1934 S.
906 1878 978 1932 V.
1004 1877 1164 1932 Rme.
1190 1883 1415 1931 restano
1435 1870 1752 1944 protretrici
1772 1870 1921 1926 della
1940 1867 2324 1941 Compagnia.

284 1976 545 2037 instituta
570 1974 631 2030 in
656 1991 862 2044 quessa
906 1970 1369 2030 eccellentissima
1395 1969 1533 2025 citta
1576 1977 1726 2024 sotto
1753 1967 1792 2022 il
1827 1984 1997 2022 nome
2030 1967 2102 2022 de
2135 1965 2324 2034 Gesu,

285 2092 400 2132 non
429 2073 652 2129 uolemo
677 2070 851 2142 perho
871 2086 1130 2125 mancare
1148 2067 1240 2122 del
1259 2067 1452 2124 debito
1471 2069 1576 2122 che
1604 2083 1676 2121 ne
1700 2064 1934 2137 hobliga
1952 2081 2119 2118 verso
2146 2063 2222 2119 V.
2254 2062 2323 2120 S.

284 2172 445 2228 Rme.
484 2169 558 2224 de
592 2165 716 2223 sarli
761 2165 1081 2221 testimonio
1118 2163 1474 2237 larghissimo
1513 2162 1645 2220 delli
1690 2162 1849 2218 molti
1875 2159 2062 2217 meriti
2086 2170 2145 2216 et
2170 2161 2331 2217 bone

283 2269 496 2338 hopere
515 2266 624 2321 che
649 2263 708 2318 in
734 2270 935 2333 questa
959 2261 1096 2316 isola
1123 2280 1155 2316 a
1182 2261 1322 2316 fatto
1348 2279 1381 2317 e
1403 2261 1533 2316 fano
1553 2261 1668 2315 dua
1688 2259 1814 2315 Rdi.
1841 2257 2135 2331 relligiosi,
2158 2275 2322 2314 man-

284 2361 403 2419 dati
426 2361 487 2417 in
512 2369 714 2431 questa
739 2358 879 2414 isola
903 2358 1049 2413 dalla
1074 2357 1281 2414 santita
1311 2358 1383 2412 de
1416 2367 1611 2413 nostro
1644 2356 1894 2429 signore,
1926 2376 1960 2413 e
1999 2353 2326 2412 condolerci-

287 2459 468 2515 anche
501 2474 610 2511 con
637 2454 750 2522 voi,
789 2454 934 2509 Rmi.
974 2454 1187 2526 signori
1225 2455 1517 2526 protettori
1556 2454 1701 2522 suoi,
1732 2454 1879 2510 delle
1915 2454 2059 2509 salze
2103 2451 2334 2509 calunie

289 2556 397 2611 che
420 2561 623 2608 contra
649 2550 786 2623 ogni
812 2550 1024 2607 douere
1050 2550 1088 2604 li
1108 2553 1220 2606 han
1240 2551 1372 2606 dato
1393 2551 1532 2606 certi
1559 2550 1761 2623 figlioli
1787 2552 1860 2606 de
1879 2549 2183 2621 inniquita,
2212 2567 2332 2606 non

290 2649 363 2705 ad
389 2649 532 2705 altro
559 2648 774 2714 effettO,
806 2664 867 2703 se
894 2664 1007 2701 non
1030 2664 1127 2718 per
1145 2647 1275 2703 farsi
1296 2656 1508 2704 restare
1528 2647 1651 2703 orbi
1677 2649 1751 2706 de
1771 2655 1974 2719 questa
1999 2647 2148 2714 luce,
2179 2665 2213 2704 e
2242 2645 2331 2701 ui-

292 2745 468 2802 duare
492 2753 695 2815 questa
727 2742 866 2799 isola
884 2744 956 2800 de
991 2745 1037 2798 si
1079 2743 1199 2798 fatti
1239 2745 1410 2815 sposi,
1441 2745 1617 2800 datoli
1644 2746 1716 2801 da
1749 2763 1854 2800 sua
1878 2743 2250 2801 beatitudine.
2284 2744 2337 2799 E

293 2841 501 2914 perch&
527 2840 581 2895 le
606 2839 778 2897 molte
802 2857 1011 2911 oppere
1036 2857 1067 2895 e
1103 2841 1174 2896 de
1212 2858 1402 2895 amore
1427 2860 1459 2897 e
1489 2841 1683 2913 uigilie
1728 2844 1837 2899 che
1864 2841 1995 2897 sano
2035 2859 2135 2912 per
2161 2840 2338 2897 redur

295 2945 499 3029 quoeto
533 2952 748 3007 pouero
782 2952 981 3008 grege,
1018 2946 1150 2990 nato
1176 2935 1234 2990 in
1262 2937 1513 3007 perfidie,
1545 2939 1652 2994 alla
1690 2937 2012 3004 concordia,
2044 2957 2077 2994 e
2115 2939 2224 2995 che
2257 2938 2331 2993 ad

295 3033 439 3090 altro
459 3050 573 3088 non
598 3032 905 3089 attendeno
925 3050 987 3088 se
1014 3050 1125 3086 non
1162 3034 1211 3086 al
1247 3034 1356 3088 ben
1386 3034 1705 3091 uniuersale
1732 3053 1765 3090 e
1792 3034 1983 3106 quiete
2010 3043 2226 3101 nostra,
2256 3034 2338 3090 ne·

296 3130 372 3184 ha
398 3127 653 3185 talmenti
687 3126 959 3199 bobligati
990 3138 1144 3182 tanto
1171 3148 1201 3183 a
1236 3148 1340 3185 sua
1377 3132 1530 3196 Rue,
1562 3133 1634 3187 de
1661 3131 1852 3188 auerci
1877 3140 2073 3203 aperto
2099 3131 2154 3188 la
2178 3130 2331 3187 casia

298 3226 371 3282 de
395 3224 524 3280 suoi
552 3222 773 3290 tessori‚
804 3235 1017 3294 quanto
1044 3243 1076 3278 a
1104 3226 1173 3279 V.
1207 3226 1268 3282 S.
1302 3228 1460 3281 Rme.
1495 3246 1592 3298 per
1619 3229 1672 3283 la
1699 3228 2017 3299 protetione
2049 3230 2159 3285 che
2184 3229 2338 3283 hano

298 3320 355 3375 di
384 3337 495 3376 una
514 3320 697 3376 cotale
730 3320 1021 3391 esenplare
1048 3338 1079 3375 e
1113 3321 1430 3377 santissima
1465 3325 1838 3396 Compagnia,
1869 3327 1978 3382 che
2003 3323 2056 3380 ci
2082 3322 2338 3381 desside-

391 3450 402 3475 ¹
468 3447 539 3492 Ex
563 3445 789 3505 originali
807 3445 855 3491 in
880 3447 975 3490 vol.
1007 3446 1162 3505 Epist.
1187 3447 1521 3497 diversorum,
1545 3450 1725 3509 duplici
1749 3451 1883 3507 folio,
1906 3467 1954 3497 n.
1980 3450 2056 3510 58,
2078 3450 2212 3511 prius
2234 3461 2341 3508 2²5·

385 3523 404 3550 ³
467 3522 539 3566 De
563 3521 793 3566 Marcello
814 3520 1032 3576 Cervini,
1062 3521 1292 3566 cardinali
1325 3523 1456 3567 Stae.
1487 3523 1678 3583 Crucis,
1717 3526 1979 3572 Societatis
2015 3532 2212 3573 nostrae
2241 3532 2342 3572 stu-

299 3595 596 3654 diosissimo,
617 3595 699 3656 qui
723 3602 893 3655 postea
915 3595 1170 3641 Marcellus
1202 3596 1265 3652 11,
1291 3606 1423 3656 pont.
1459 3614 1603 3656 max„
1627 3602 1899 3659 appellatus
1921 3608 2016 3658 est,
2039 3600 2339 3662 superfluum

300 3675 434 3716 emet
455 3669 564 3715 heic
587 3670 722 3729 plura
738 3668 920 3728 dicere,
942 3682 1054 3714 cum
1077 3669 1199 3715 tanti
1221 3670 1312 3715 viri
1342 3674 1637 3719 mentionem
1662 3683 1825 3721 nostra
1857 3677 2202 3723 Monummra
2231 3689 2339 3736 pas-

299 3743 393 3790 sim
414 3742 610 3790 faciant:
634 3742 696 3789 de
717 3742 950 3789 cardinali
980 3757 1095 3789 vero
1124 3744 1420 3791 Bemardino
1444 3747 1622 3802 MaHei,
1657 3750 1759 3795 viro
1789 3751 1973 3809 optimo
2002 3765 2060 3797 ac
2090 3758 2342 3811 praestan-

301 3816 510 3875 tissimo,
534 3815 658 3863 infra
679 3816 861 3877 aliquid
882 3815 1120 3874 dicemus,
1144 3819 1288 3878 epist.
1316 3819 1417 3877 581.
