2638 4334
480 250 566 309 258
713 292 719 299 .
1094 250 1392 297 Enisa-oua
1422 244 1780 303 Murra—586

417 381 494 435 M.
518 380 796 452 Joannem
822 375 1187 443 deMaceria,
1225 373 1478 431 misimus
1511 371 1571 427 in
1604 370 1843 443 patriam
1878 381 2108 444 propter
2135 390 2358 441 causas,
2388 382 2455 429 ut

413 475 543 530 inde
569 491 669 546 per
696 472 963 540 Parisios,
994 471 1042 528 si
1074 470 1231 539 velit,
1280 472 1515 526 Romam
1560 486 1622 524 se
1666 468 1940 524 conferat.
1984 468 2272 539 Quamdiu
2298 470 2451 526 enim

413 588 528 626 non
552 570 829 626 habemus
862 568 955 625 hic
995 567 1324 640 collegium,
1373 583 1487 620 non
1514 573 1601 619 est
1645 562 1867 618 animus
1912 582 2073 621 meus
2118 574 2217 621 aut
2254 574 2448 623 noster

409 667 605 733 vnum,
630 666 815 736 quoad
837 665 957 721 fieri
977 672 1181 737 potest,
1205 662 1296 718 hic
1316 660 1589 728 detinere,
1610 667 1833 731 praeter
1852 658 1999 729 illos,
2023 660 2120 732 qui
2140 661 2444 732 necessarij

409 771 563 829 sunt,
593 770 651 818 et
677 759 785 817 nisi
813 760 975 816 aliter
999 758 1136 816 velit
1157 760 1225 814 R.
1257 759 1329 813 V.

520 860 587 914 Ρ.
618 856 954 914 Arnoldus¹
984 854 1087 911 iuit
1114 852 1407 910 Coloniam
1433 860 1495 906 vt
1515 851 1691 908 semel
1716 850 1927 906 inuisat
1959 854 2026 907 P.
2059 852 2437 922 Leonardum,

406 953 586 1022 breui,
617 962 681 1008 ut
706 970 1018 1026 speramus,
1050 950 1352 1008 rediturus.
1385 950 1510 1020 Ego
1536 965 1713 1019 pergo
1748 946 1942 1002 audire
1969 948 2396 1007 confessiones
2381 970 2441 1006 ιη

405 1048 711 1107 cathedrali
738 1031 996 1117 ecclesia,
1019 1056 1081 1101 vt
1107 1063 1237 1101 curn
1265 1043 1524 1115 sequenti
1550 1052 1713 1115 posta
1747 1044 1889 1115 (Deo
1916 1044 2161 1115 volente)
2196 1044 2414 1101 latius'

404 1145 739 1203 Habemus
716 1163 835 1216 Jam
855 1143 915 1198 in
934 1141 1214 1199 exercitiis
1234 1138 1567 1211 quemdam
1553 1138 1933 1211 ingeniosum,
1958 1148 2016 1196 et
2036 1157 2139 1211 pro
2157 1158 2264 1196 suo
2283 1150 2438 1198 statu

401 1243 631 1298 doctum
651 1240 998 1312 theologum,
1022 1236 1415 1302 Cunibertum,
1436 1255 1506 1292 ex
1523 1236 1692 1291 domo
1705 1234 1953 1290 doctoris
1972 1237 2431 1305 Bruersanensis,

401 1338 730 1393 suit——⁸
777 1333 1160 1392 vniuersitatis
1199 1349 1329 1387 cum
1358 1333 1436 1387 M.
1500 1330 1744 1387 Martino
1770 1374 1783 1399 ‚
1826 1348 1996 1402 quem
2036 1331 2232 1387 ultime
2277 1332 2432 1388 misi-

399 1451 545 1489 mus:
576 1434 721 1491 bene
751 1430 992 1504 proficit,
1021 1438 1078 1485 et
1106 1427 1285 1484 tendis
1308 1428 1380 1483 ad
1401 1426 1763 1484 Societatem.
1797 1427 2078 1483 Dominus
2096 1430 2267 1502 Jesus
2293 1429 2432 1485 diri—

398 1538 500 1603 gat
524 1547 677 1586 eum.

507 1626 713 1681 Noster
745 1622 1007 1678 dominus
1052 1619 1352 1677 Cornelius
1398 1620 1804 1692 Broegelmans
1849 1620 1869 1647 ⁴
1906 1622 2012 1676 hac
2055 1630 2256 1689 estate,
2305 1625 2431 1680 Deo

394 1720 639 1788 volente,
669 1719 1035 1791 responderet
1061 1734 1161 1789 pro
1186 1715 1617 1772 baccalaureatu
1644 1715 1702 1771 in
1731 1715 2037 1788 theologia,
2074 1725 2132 1774 et
2166 1719 2429 1789 sequenti
2461 1740 2473 1748 ·

392 1817 577 1874 hieme
602 1816 843 1872 eundem
871 1814 1109 1887 gradum
1135 1811 1467 1883 susciperet,
1498 1811 1546 1867 si
1573 1811 1651 1867 ita
1671 1813 1855 1884 placet
1884 1814 1951 1868 P.
1983 1814 2056 1870 V.
2082 1815 2155 1869 Et
2174 1814 2308 1884 quia
2334 1834 2428 1872 sa-

391 1911 462 1968 tis
487 1930 697 1985 magno
717 1920 937 1967 constat
965 1909 1175 1982 gradus
1201 1908 1312 1975 ille,
1350 1907 1399 1963 si
1432 1908 1636 1980 placet,
1674 1908 1897 1964 instabo
1923 1918 1986 1963 vt
2022 1919 2427 1981 promoueatur

389 2009 560 2082 (quod
595 2016 782 2063 tamen
816 2024 1104 2076 nunquam
1140 2004 1221 2075 fit)
1258 2003 1454 2076 gratiS,
1493 2013 1721 2076 propter
1755 2007 1962 2072 Deum,
2012 2005 2225 2064 virtute
2268 2008 2424 2066 bulle

389 2105 582 2160 nbatre
610 2106 650 2158 ⁸.

492 2199 670 2257 Nouit
697 2201 762 2255 P.
793 2200 866 2255 V.
909 2198 1188 2269 quomodo
1214 2197 1322 2252 alio
1357 2214 1507 2252 anno
1551 2197 1957 2265 celebrauerim
1991 2200 2420 2260 renouationem

382 2294 749 2368 professionis
792 2312 949 2352 meae
982 2297 1023 2349 ⁶.
1058 2296 1184 2367 Jam
1210 2311 1345 2349 vero
1382 2311 1498 2348 non
1539 2292 1772 2349 intendo
1811 2296 2067 2352 eamdem
2106 2298 2414 2367 celebrare,

476 2499 487 2525 ⁸
551 2496 607 2541 Ρ.
633 2494 879 2541 Arnoldus
901 2494 1114 2540 Hezeus.
1141 2494 1287 2539 Varie
1310 2494 1418 2553 ejus
1439 2507 1715 2553 cognomen
1738 2494 1957 2541 effertur.
1981 2497 2185 2551 Hecius,
2209 2499 2418 2553 Haoeus,

379 2570 590 2624 Hauon-3,
627 2584 730 2615 van
763 2569 911 2615 Hees.
950 2568 1191 2628 «Aliquod
1227 2568 1333 2614 dies
1370 2576 1483 2614 ante
1519 2569 1942 2639 quadragesimam
1978 2571 2035 2617 P.
2076 2572 2322 2619 Arnoldus
2356 2589 2418 2619 ex

377 2642 658 2690 obedientia
674 2642 734 2688 ad
757 2638 961 2703 patriam
983 2657 1118 2688 suam
1141 2643 1313 2688 venit..
1322 2660 1363 2688 .»
1402 2643 1676 2703 POLANCO,
1714 2650 1753 2690 t.
1782 2655 1855 2704 111,
1892 2659 2004 2705 pag.
2038 2656 2142 2703 275,
2166 2661 2221 2692 n.
2249 2646 2339 2692 620
2359 2673 2417 2683 —

377 2717 436 2763 P.
468 2716 769 2776 Leonardus,
790 2731 936 2777 quern
961 2716 1315 2762 Adriaenssens
1338 2716 1574 2776 nominat,
1597 2724 1674 2763 est
1696 2718 1757 2764 P.
1786 2718 2067 2766 Leonardus
2091 2721 2290 2767 Kessel.

462 2794 481 2821 ⁸
542 2791 598 2838 Id
620 2798 714 2847 est,
737 2794 794 2836 ut
815 2792 1037 2850 sequenti
1057 2792 1159 2836 sive
1174 2792 1411 2851 proximo
1432 2792 1717 2846 tabellario,
1742 2794 1849 2839 Deo
1877 2795 2087 2848 volente,
2119 2795 2276 2841 latius
2294 2798 2417 2842 scri-

372 2865 503 2911 bam.
543 2864 810 2924 «Quamvis
847 2864 1000 2910 nostri
1043 2864 1244 2909 Lovanii
1282 2864 1495 2910 nondum
1537 2864 1829 2912 facultatem
1865 2867 2199 2914 obtinuissent
2218 2870 2416 2929 collegii

370 2938 677 2998 instituendi,
697 2945 862 2984 tamen
884 2938 933 2983 in
953 2939 1133 2997 templo
1155 2937 1248 2983 Sti.
1282 2938 1532 2985 Michaelis
1554 2946 1605 2985 et
1626 2939 1676 2985 in
1696 2940 1964 2987 cathedrali
1981 2941 2190 2988 ecclesia
2206 2942 2299 2989 Sti.
2320 2944 2409 2989 Pe·

369 3012 432 3059 tri
466 3019 788 3071 sacramenta,
828 3026 1127 3071 magnacum
1160 3013 1369 3058 utilitate
1414 3013 1597 3073 populi,
1622 3014 2039 3062 ministrabant...:
2072 3023 2123 3062 et
2145 3017 2203 3062 P.
2236 3017 2409 3064 Adria-

368 3101 541 3134 num...
572 3100 632 3133 eo
659 3085 983 3144 adduxerunt,
1014 3093 1084 3143 ut,
1122 3086 1528 3146 quemadmodum
1566 3087 1616 3134 in
1649 3088 1771 3134 aede
1803 3088 1899 3135 Sti.
1940 3089 2194 3138 Michaelis
2232 3091 2406 3138 solitus

366 3159 544 3216 furerat,
566 3159 633 3206 ita
655 3158 704 3205 in
726 3158 955 3219 primario
968 3159 1066 3218 jam
1089 3158 1220 3204 dicto
1243 3162 1424 3220 templo
1448 3175 1531 3207 eas
1555 3161 1649 3220 [sc.
1677 3162 2032 3224 confessiones]
2049 3164 2259 3224 audiret3
2275 3165 2407 3225 quod

366 3234 502 3292 fecit,
538 3234 710 3280 relicto
730 3232 860 3293 apud
881 3232 1044 3278 Stum.
1074 3232 1358 3279 Michaelem
1390 3235 1443 3279 P.
1470 3236 1686 3283 Amoldo
1715 3238 1930 3283 Hezeo.»
1962 3238 2235 3297 ΡοιΑΝοο,
2261 3246 2296 3285 t.
2332 3251 2405 3297 m,

366 3322 478 3368 pag.
502 3318 608 3367 272,
632 3323 685 3354 n.
714 3307 824 3353 610.

455 3384 473 3409 ³
535 3382 662 3429 Nota
683 3381 793 3428 heic
814 3380 1173 3440 compendiaria
1196 3381 1461 3439 invenitur,
1484 3399 1627 3444 quam
1652 3386 1898 3432 nescimus
1922 3387 2106 3446 legere.

452 3458 471 3485 ⁴
532 3456 748 3515 Huiusce
770 3454 830 3501 ad
853 3454 1114 3500 Polancum
1138 3456 1322 3501 litteras
1345 3457 1579 3503 exhibent
1602 3459 1762 3519 Epist.
1790 3461 1995 3514 Mixtus,
2021 3467 2056 3507 t.
2081 3472 2133 3520 11,
2163 3476 2212 3523 p.
2235 3460 2395 3520 34-36.

451 3528 471 3556 ⁸
529 3529 613 3575 Cf.
643 3530 777 3589 JuLu
800 3528 889 3587 111,
913 3529 1099 3574 Sacrae
1122 3529 1402 3590 religionis,
1424 3531 1739 3579 Confirmatio
1761 3534 2126 3595 privilegiorum
2156 3535 2212 3582 S.
2251 3537 2320 3597 J.‚
2343 3535 2398 3582 31

362 3601 479 3651 Oct.
506 3614 636 3661 155²·

450 3680 471 3705 ⁸
531 3678 669 3723 Hanc
709 3675 1024 3737 professionis
1080 3677 1446 3724 renovationem
1491 3679 1775 3728 describunt
1826 3683 1944 3729 Litt.
2002 3685 2226 3744 Quodn,
2268 3693 2310 3732 t.
2358 3698 2394 3745 1,

357 3764 473 3811 pag.
501 3750 608 3810 685,
628 3750 732 3796 686.
761 3752 833 3797 De
856 3764 913 3796 ea
936 3762 1051 3795 vero
1071 3749 1141 3796 sic
1166 3750 1466 3809 poraneus,
1491 3760 1526 3798 t.
1551 3765 1603 3811 11,
1628 3769 1736 3814 pag.
1763 3757 1868 3815 589,
1892 3773 1946 3804 n.
1973 3770 2079 3816 404:
2100 3758 2297 3806 «Tertio
2313 3773 2394 3805 ea-
