2638 4334
1133 312 1163 358 6
1194 312 1405 357 Apmxs
1442 309 1553 368 1553
2198 323 2284 371 229

306 449 418 501 che
445 443 553 500 feci
580 460 681 513 per
700 441 740 496 li
762 440 931 496 Padri
950 440 1008 495 di
1029 436 1311 511 capucini,
1336 445 1394 493 et
1414 455 1516 507 per
1533 435 1572 490 li
1595 437 1764 491 Padri
1785 437 1841 491 di
1862 440 1981 494 S.t0
2005 440 2339 507 Franeesoe,

310 550 371 597 et
395 558 497 611 per
521 537 650 594 altri
676 537 894 608 poueri,
927 537 1005 591 tal
1032 552 1273 607 persona
1292 533 1448 589 dette
1473 532 1534 588 in
1553 533 1607 586 la
1627 532 1805 603 prima
1823 535 2021 589 offerta
2047 535 2191 591 dieci
2211 553 2342 589 scu-

309 636 392 703 di,
422 653 535 690 non
563 652 630 690 ce
676 634 736 687 fu
784 650 1025 705 persona
1069 633 1174 687 che
1219 646 1335 684 non
1379 628 1599 685 offrisse
1644 628 1960 684 uolentieri.
1994 630 2266 700 Ogniuno
2297 631 2343 685 si

313 729 663 801 merauiglia„
695 727 1084 800 ringratiando
1102 727 1176 782 N.
1203 727 1264 782 S.
1291 723 1472 791 Iddio,
1504 724 1637 796 qual
1656 725 1817 784 dona⁴
1833 725 1888 778 lo
1910 724 2102 795 spirito
2131 744 2233 780 suo
2253 726 2344 781 alli

310 826 466 883 serui
510 824 653 882 suoi.
706 826 751 879 n
794 832 990 879 nostro
1015 822 1322 895 magnifico
1353 824 1431 877 M.
1484 821 1800 876 Benedetto
1847 820 2005 876 Sauli
2049 822 2345 876 Casanoua

312 929 624 994 spontanee
650 921 710 974 fu
738 920 777 973 il
803 919 985 991 primo
1010 918 1263 989 questor’
1292 925 1351 972 et
1371 917 1655 983 donator',
1686 933 1847 971 come
1867 933 2087 987 sempre
2108 917 2155 971 si
2183 926 2345 972 troua

308 1018 368 1073 in
394 1017 533 1088 ogni
577 1019 770 1071 buona
807 1033 996 1086 opera:
1035 1012 1350 1069 coadiutori
1388 1012 1428 1066 il
1461 1011 1767 1083 magnifico
1814 1014 1892 1067 M.
1926 1011 2121 1078 Lione,
2153 1021 2344 1066 nostro

310 1114 530 1180 BonfiO,
556 1111 798 1168 auditor’
821 1111 900 1165 dil
921 1110 1150 1182 signore
1172 1117 1538 1180 gouernator,
1559 1107 1599 1162 il
1622 1109 1698 1178 3.⁰
1719 1109 1842 1179 pur'
1873 1115 2068 1161 nostro
2089 1107 2267 1178 primo
2288 1119 2344 1164 et

303 1209 562 1281 sapiente
582 1208 729 1264 della
750 1217 917 1274 terra,
942 1207 982 1261 il
1002 1204 1307 1277 magnifico
1327 1208 1405 1261 M.
1434 1203 1811 1260 Benedettino
1830 1204 1923 1259 dal
1946 1202 2110 1269 Pino,
2134 1203 2173 1256 il
2199 1206 2277 1272 4⁰
2306 1204 2343 1257 il

305 1307 496 1361 buono
522 1312 581 1359 et
599 1305 758 1358 dotto
779 1305 857 1358 M.
882 1302 1112 1359 Giouan
1138 1303 1458 1356 Francesco
1481 1299 1875 1372 Tagliacame,
1906 1300 2063 1354 odor'
2094 1300 2285 1354 buono
2311 1318 2344 1354 a

310 1409 458 1457 tutta
483 1407 673 1472 gente.
700 1400 761 1455 S’
791 1398 846 1453 io
869 1399 1017 1454 fosse
1037 1395 1355 1469 gagliardO,
1380 1394 1650 1451 scriueria
1670 1413 1801 1450 cose
1820 1394 2219 1466 merauigliose
2239 1397 2343 1450 che

309 1499 363 1552 fa
379 1494 539 1566 quiui
560 1496 634 1550 N.
659 1496 746 1563 S.,
764 1494 822 1548 in
840 1494 1144 1565 quinterno
1165 1492 1223 1547 di
1244 1494 1459 1549 charta:
1483 1510 1649 1548 come
1667 1492 1815 1548 delle
1834 1490 2062 1562 virgini,
2088 1490 2339 1562 giouani,

306 1592 507 1660 vedoe,
538 1590 809 1663 religiosi,
848 1589 1146 1656 sacierdoti,
1180 1598 1238 1646 et
1264 1580 1342 1642 di*
1368 1597 1515 1644 tutte
1541 1589 1595 1645 le
1630 1597 1783 1644 sorte
1818 1596 1876 1645 et
1910 1586 2122 1657 qualit&
2154 1605 2341 1642 vanno

302 1687 490 1761 questi
516 1687 715 1760 gentil'
754 1685 1011 1741 huomini
1038 1685 1274 1758 genoesi
1307 1684 1594 1740 uisitando
1630 1685 1683 1740 le
1719 1692 1866 1741 terre
1901 1683 1959 1737 di
1995 1683 2246 1750 Corsica,
2285 1692 2341 1738 et

302 1793 460 1841 tanto
487 1785 815 1839 accendono
842 1784 987 1838 colla
1007 1801 1112 1838 sua
1131 1782 1347 1837 charita
1374 1781 1414 1835 li
1448 1781 1610 1837 cuori
1636 1780 1770 1838 delli
1803 1779 2015 1852 popoli,
2054 1782 2161 1834 che
2191 1798 2342 1836 uen-

300 1899 456 1954 gono
470 1882 542 1936 da
558 1882 790 1936 lontano
810 1879 869 1934 in
889 1878 1248 1934 moltitudine
1266 1878 1400 1933 delli
1417 1877 1713 1950 principali
1733 1878 1880 1934 delle
1901 1885 2050 1932 terra
2069 1875 2197 1930 colli
2216 1875 2339 1931 suoi

299 1977 580 2034 sacerdoti
599 1996 632 2033 a
660 1974 966 2047 requirerci
993 1977 1099 2030 che
1126 1974 1221 2030 noi
1246 1974 1286 2028 li
1314 1973 1661 2046 uogliammo
1687 1973 1928 2029 uisitar’.
1953 1974 1998 2028 Il
2035 1971 2339 2043 magnifico

299 2073 489 2128 vfficio
517 2076 574 2127 n’
617 2075 692 2127 ha
736 2072 1003 2127 mandato
1038 2087 1147 2126 200
1173 2071 1423 2126 dottrina
1468 2070 1717 2142 xpiane,
1760 2078 1818 2126 et
1858 2070 2066 2124 lodono
2101 2069 2274 2123 molto
2301 2067 2340 2122 il

298 2169 530 2242 signore
556 2178 921 2241 gouernator,
951 2147 1059 2223 che
1085 2170 1141 2222 n'
1172 2170 1247 2223 ha
1272 2166 1469 2222 scritto
1495 2185 1529 2222 a
1555 2169 1736 2222 Roma
1766 2165 1846 2221 dil
1891 2167 2068 2220 frutto
2095 2165 2142 2219 si
2177 2165 2250 2231 fa,
2282 2173 2338 2219 et

301 2262 651 2339 biasi[ma]no
696 2265 872 2319 molto
915 2263 1088 2334 quelli
1129 2266 1218 2318 ch’
1267 2263 1655 2335 impediscono
1699 2262 1739 2317 il
1784 2263 1961 2317 frutto
2005 2270 2063 2317 et
2108 2260 2338 2317 seruitio

299 2361 431 2416 dell’
461 2361 645 2416 anime
673 2362 765 2414 ch’
795 2378 969 2431 opera
994 2361 1064 2415 N.
1093 2361 1153 2416 S.
1186 2359 1297 2415 Dio
1321 2377 1423 2431 per
1448 2359 1564 2426 noi,
1593 2358 1782 2416 deboli
1809 2357 1933 2413 suoi
1959 2355 2333 2422 instromenti‚

295 2456 725 2513 esshortandoei
746 2457 853 2511 alla
872 2473 1284 2527 perseueranza
1301 2455 1361 2509 in
1380 2456 1569 2526 quello
1585 2457 1635 2510 c'
1659 2457 1961 2510 hauemmo
1975 2451 2336 2508 commincia-

297 2564 379 2621 to,
413 2554 461 2608 si
488 2571 650 2608 come
677 2553 882 2608 dicono
912 2555 1089 2607 hauer
1134 2551 1368 2621 inteSSO,
1417 2571 1533 2607 non
1577 2551 1699 2606 solo
1725 2551 1797 2606 da
1841 2551 2014 2606 molte
2041 2550 2241 2605 lettere
2279 2547 2335 2602 di

292 2649 478 2722 questi
503 2649 814 2721 magnifici,
845 2667 936 2704 ma
961 2666 1168 2705 ancora
1202 2650 1275 2704 da
1300 2647 1467 2704 etiam
1506 2646 1678 2720 quelli
1713 2649 1820 2703 che
1849 2664 2036 2702 uanno
2071 2645 2129 2699 di
2164 2662 2274 2714 qua
2302 2662 2334 2697 a

291 2748 514 2813 Genoa,
539 2746 727 2800 dando
760 2762 1050 2817 promessa
1083 2745 1140 2799 di
1168 2746 1288 2799 dar’
1330 2763 1432 2816 per
1458 2746 1518 2802 S.
1551 2742 1663 2801 Sta
1700 2742 1981 2815 maggior’
2020 2743 2201 2796 fauor’
2241 2741 2330 2794 all’

292 2861 468 2915 opera
491 2842 550 2896 di
576 2860 680 2897 sua
712 2841 906 2897 diuina
951 2844 1186 2908 maeste,
1237 2851 1295 2899 et
1338 2844 1446 2897 che
1471 2841 1646 2912 quelli
1690 2843 1798 2898 che
1841 2837 2259 2903 contradicono,
2300 2838 2332 2890 e

292 2957 496 3011 SegnO,
546 2940 653 2994 che
696 2956 811 2993 non
858 2937 1051 3009 uoglio
1099 2939 1198 2993 far'
1240 2940 1406 3005 bene,
1437 2948 1495 2993 et
1532 2937 1905 2995 desideranno
1944 2937 2049 2990 che
2076 2933 2124 2988 si
2158 2941 2331 2988 mette

294 3037 349 3091 la
380 3053 549 3090 mano
594 3035 687 3090 all’
736 3034 1100 3090 essecution’.
1133 3036 1206 3089 Et
1231 3035 1418 3105 questi
1462 3033 1750 3107 magnifici
1794 3049 2000 3088 ancora
2037 3048 2152 3084 non
2189 3046 2329 3082 sono

294 3131 487 3187 chiaro
512 3151 614 3204 per
638 3133 692 3187 le
718 3132 951 3186 tenebre
978 3130 1088 3185 mie
1114 3131 1172 3185 di
1198 3140 1400 3202 questo
1427 3132 1569 3186 fatto
1602 3132 1656 3186 al
1689 3137 1967 3201 presente,
2009 3125 2194 3180 insino
2222 3126 2326 3178 che

294 3246 409 3283 non
434 3228 483 3283 si
511 3236 759 3283 trattono
786 3227 884 3299 pin
909 3228 1273 3299 longamente
1300 3227 1338 3281 li
1365 3227 1524 3283 cuori
1549 3225 1789 3282 'humani
1823 3243 1931 3280 con
1959 3220 2238 3293 raggioni,
2270 3229 2326 3275 et

290 3342 404 3380 con
430 3324 584 3396 preci
612 3334 669 3381 et
695 3323 930 3379 charite.
964 3326 1036 3379 V.
1079 3326 1147 3379 R.
1198 3326 1270 3379 ne
1310 3325 1586 3379 comanda
1611 3332 1803 3396 presto
1830 3321 2016 3392 quello
2042 3320 2148 3372 che
2182 3319 2224 3370 s’
2254 3318 2326 3369 ha

289 3423 363 3476 da
388 3408 517 3489 fa'r’,
543 3422 751 3492 perche
771 3420 908 3492 ogni
930 3419 989 3476 di
1012 3423 1084 3476 ne
1113 3421 1252 3476 satta
1271 3420 1539 3476 instantia
1564 3421 1637 3475 da
1657 3419 1748 3474 chi
1771 3419 1915 3473 uale.
1948 3417 2075 3470 Non
2098 3430 2325 3467 manca-

290 3534 467 3572 ranno
492 3516 779 3589 passaggij
828 3536 928 3588 per
973 3519 1153 3572 Roma
1179 3535 1212 3571 a
1258 3518 1570 3583 reclamar’‚
1602 3534 1761 3571 corne
1806 3529 2083 3568 mancono
2116 3510 2169 3563 al
2195 3526 2324 3579 pre-

289 3621 471 3680 sente,
495 3623 553 3669 et
578 3613 716 3684 ogni
742 3614 800 3668 di
826 3613 922 3685 pin
950 3631 1329 3669 mancaranno
1357 3631 1456 3684 per
1494 3614 1547 3667 le
1575 3614 1736 3668 feste.
1778 3613 1899 3666 Ben
1925 3606 2110 3662 scriuo
2145 3603 2321 3675 tripli-

289 3716 416 3764 cate
442 3709 578 3781 ogni
605 3709 922 3778 settimana3
954 3729 1054 3781 per
1074 3710 1168 3765 uia
1180 3709 1238 3764 di
1257 3711 1461 3765 Genoa
1480 3710 1512 3763 e
1531 3708 1777 3775 difficile;
1804 3714 1959 3761 tante
1980 3707 2036 3758 n'
2060 3706 2136 3757 ho
2163 3719 2320 3755 man·

291 3805 444 3871 date,
474 3822 723 3861 nessuna
749 3804 981 3861 intendo
1016 3808 1212 3863 hauer’
1251 3808 1467 3859 hauuto
1511 3803 1766 3874 ricapito.
1817 3801 2021 3872 Quella
2055 3798 2112 3853 di
2149 3799 2218 3853 V.
2252 3798 2319 3850 R.
