2638 4334
417 330 447 372 6
1183 330 1255 365 An
1285 324 1565 364 Lsscronau
1623 324 1628 330 ·

359 462 555 510 notum
577 460 686 519 est,
715 458 942 507 nostrae
975 448 1275 520 Epsstolae;
1306 461 1451 515 quae
1482 437 1799 512 appellati0,
1838 433 1885 488 si
1920 430 2033 485 vim
2064 426 2224 484 vocis
2260 444 2393 499 spe·

358 560 499 616 cteS,
524 546 755 621 perinde
772 553 861 603 est
886 563 953 601 ac
979 544 1027 600 si
1054 543 1209 599 dicas
1235 559 1332 598 eas
1358 540 1414 594 in
1442 539 1645 592 classes
1671 533 1790 588 sive
1817 528 1991 586 series
2018 541 2251 581 suorum
2284 540 2390 579 au-

357 654 575 701 ctorum
601 637 714 699 non
742 660 867 700 esse
886 640 1199 697 distinctas:
1224 654 1348 693 esse
1374 652 1508 690 vero
1534 630 1815 686 variorum
1850 633 2147 680 auctorum
2173 618 2389 691 episto-

355 742 438 811 las
465 740 522 795 in
550 757 725 796 unum
745 755 951 809 corpus
972 731 1451 791 indiscriminatim
1479 726 1774 784 admixtas.
1806 719 2030 777 Etenim
2057 734 2188 774 cum
2214 715 2273 770 in
2298 713 2389 770 di·—

358 853 550 892 versas
574 833 941 891 collectiones
966 831 1085 887 sive
1112 830 1359 901 sylloges
1386 824 1654 898 epistolae
1682 817 2110 892 praecipuorum
2131 832 2164 870 e
2191 810 2388 870 Socie-

362 940 476 988 tate
489 934 627 1006 Jesu
647 928 938 985 hominum
958 929 1030 983 ab
1051 926 1138 992 iis,
1156 925 1251 995 qui
1272 942 1368 979 eas
1387 920 1756 992 anquirebant
1776 912 2257 984 colligebantque,
2280 906 2394 963 dis-

367 1028 766 1093 tribuerentur,
796 1024 949 1080 varia
976 1023 1107 1079 inde
1133 1020 1415 1076 volumina
1451 1023 1717 1072 contexta
1751 1011 1808 1067 in
1844 1006 2039 1081 primis
2072 1011 2227 1071 sunt,
2255 1012 2395 1077 puta

368 1121 732 1188 SalmeroniS,
752 1120 1013 1192 Borgiae,
1036 1119 1261 1182 Lainez,
1287 1116 1487 1179 Nadal‚
1511 1122 1620 1168 etc.
1634 1152 1646 1176 ,
1672 1106 1977 1176 unicuique
1998 1099 2217 1158 auctori
2236 1118 2397 1172 sepa·

369 1218 532 1276 ratim
552 1217 837 1274 volumine
855 1234 980 1283 suo,
1005 1225 1102 1270 aut
1122 1213 1168 1268 si
1189 1214 1392 1267 multas
1408 1210 1498 1264 hic
1520 1205 1853 1278 scripsisset,
1877 1197 2261 1257 voluminibus
2279 1195 2401 1252 suis

371 1314 673 1371 attributis.
706 1314 907 1369 Plures
942 1320 1127 1367 tamen
1163 1309 1454 1380 epistolae,
1492 1322 1597 1361 nec
1632 1294 2245 1357 contemnendae-illae
2270 1291 2399 1365 qui-

370 1412 520 1499 dem,
549 1410 898 1466 diversorum
925 1418 1216 1463 auctorum
1252 1409 1653 1467 remanserant,
1695 1414 1861 1469 quae,
1891 1412 1964 1450 ne
1990 1397 2313 1448 crescerent
2340 1387 2399 1443 in
2454 1419 2460 1427 ·

373 1506 655 1561 infinitum
682 1504 1040 1577 epistolarum
1083 1500 1388 1566 volumina,
1435 1498 1482 1562 si
1528 1493 1768 1567 singulis
1812 1490 2140 1548 auctoribus
2172 1485 2400 1559 singula

374 1601 606 1659 seorsim
643 1600 927 1657 volumina
960 1579 1455 1670 componerentur,
1493 1594 1550 1648 in
1580 1610 1754 1647 unum
1793 1586 2210 1660 quodammodo
2242 1576 2395 1639 com·

374 1714 602 1753 munem
635 1714 897 1752 acervum
931 1695 1217 1765 conjectae
1251 1701 1402 1759 sunt3
1439 1700 1496 1746 et
1523 1689 1653 1760 quia
1679 1671 1749 1744 ex
1783 1685 2041 1758 pluribus
2074 1678 2403 1737 auctoribus

379 1794 773 1850 coalescebant
833 1800 891 1848 et
943 1790 1257 1862 permixtim
1311 1786 1832 1859 conjungebantur,
1882 1797 2079 1839 eorum
2132 1776 2405 1849 epistolae

383 1888 600 1943 Mixtae
626 1898 760 1943 sunt
785 1885 1067 1943 communi
1094 1874 1463 1957 appellatione
1489 1881 1839 1953 designatae.
1871 1880 2031 1933 Haec
2058 1876 2131 1932 de
2156 1871 2402 1929 nomine.

387 1985 550 2040 —Ad
576 2001 761 2057 genus
786 2001 921 2040 vero
946 1982 1097 2052 quod
1131 1957 1348 2047 attinet,
1378 1999 1474 2036 eas
1507 1979 1658 2034 haud
1692 1974 1991 2041 immerite,
2023 1973 2095 2027 ad
2129 1969 2411 2044 negotiata

382 2080 727 2152 saepissime,
756 2082 827 2135 ad
853 2080 1179 2135 historicum
1207 2094 1627 2148 nonnumquam
1654 2072 1966 2132 revocabis:
2004 2068 2235 2135 etenim,
2267 2065 2406 2122 utin
2476 2126 2481 2129 .

311 2183 313 2185 ’
385 2176 669 2248 prooemio
690 2176 850 2248 primi
877 2176 1175 2231 voluminis
1201 2177 1465 2253 lectorem
1492 2172 1907 2237 admonuimus,
1935 2169 1994 2223 in
2022 2167 2110 2222 his
2136 2173 2409 2237 perpetuo

383 2271 572 2344 agitur
590 2273 662 2329 de
687 2265 930 2345 negotiis
955 2274 1025 2328 ad
1051 2272 1389 2329 Societatem
1410 2282 1508 2326 aut
1533 2271 1603 2325 ad
1632 2267 1962 2341 religionem
1987 2265 2252 2322 universe
2279 2281 2407 2339 per-

385 2367 713 2472 tinentibus,
743 2369 1044 2440 aliquando
1070 2380 1204 2424 vero
1231 2370 1302 2424 de
1328 2368 1496 2435 rebus
1518 2385 1616 2439 per
1636 2364 1937 2423 Societatis
1954 2362 2214 2419 homines
2231 2381 2266 2417 a
2284 2362 2411 2416 Deo

386 2464 443 2519 in
471 2463 781 2519 animorum
811 2463 1107 2522 utilitatem
1135 2464 1434 2519 actiande
1468 2465 1530 2518 fit
1558 2473 1621 2518 ut
1646 2460 1970 2533 hujusmodi
1990 2459 2282 2532 epistolae,
2300 2458 2413 2525 ,etsi

316 2551 319 2554 ’
376 2560 718 2635 familiares
738 2560 985 2635 quidem,
1026 2560 1385 2615 nihilominus
1413 2579 1629 2634 graves
1666 2559 1941 2616 dicendae
1974 2558 2107 2614 sint.
2147 2556 2320 2629 Quod
2346 2574 2417 2613 ex

387 2672 580 2711 earum
610 2640 947 2726 argumento
973 2657 1294 2728 legentibus
1322 2657 1554 2728 patebit.
1968 2727 1977 2741 ·
2261 2660 2270 2670 ‘
2405 2636 2412 2644 ’

504 2751 596 2807 111.
676 2751 1101 2808 Epis-romanu
1145 2771 1461 2810 Mammas.
1481 2734 1607 2828 Jam
1636 2755 1705 2809 ad
1726 2760 2063 2826 argumenta
2084 2751 2143 2806 in
2162 2748 2422 2823 epistolis‘

287 2844 294 2859 ⁸
386 2845 624 2917 hujusce
650 2847 950 2901 voluminis
976 2858 1240 2904 contenta
1264 2849 1488 2921 propius
1507 2852 1863 2918 accedamus3
1887 2850 1946 2904 in
1967 2849 2175 2920 quibus
2200 2845 2416 2903 descri-

387 2941 587 2999 bendis
648 2942 899 2997 locorum
952 2944 1224 3010 ordinem,
1281 2964 1446 3015 quem
1495 2948 1824 3019 plerumque
1882 2931 2060 3002 nostri
2114 2932 2417 3015 scriptores

387 3046 723 3107 sequuntur,
755 3056 857 3093 nos
883 3056 1107 3111 quoque
1136 3042 1469 3097 tenebimus,

500 3132 679 3202 Igitur
717 3119 955 3206 primum
997 3136 1159 3190 Italia
1196 3138 1379 3195 locum
1408 3138 1643 3205 obtinet,
1682 3140 1752 3195 de
1786 3144 1919 3211 qua,
1955 3139 2004 3195 si
2038 3137 2417 3196 Orlandinum

391 3229 581 3297 adeaS,
619 3248 898 3302 perpauca
931 3230 1080 3286 dicta
1115 3235 1186 3286 ab
1212 3233 1333 3304 ipso
1361 3236 1428 3289 ad
1459 3237 1611 3290 hunc
1638 3254 1849 3294 annum
1887 3246 2047 3293 extra
2072 3238 2307 3292 Romam
2334 3234 2419 3291 in·
2446 3215 2451 3221 ’

395 3325 766 3383 venies.÷-Ut
793 3344 933 3397 ergo
958 3346 991 3382 a
1018 3328 1259 3384 minimis
1286 3330 1635 3401 incipiamuS,
1675 3334 1952 3389 tiburtina
1986 3335 2185 3389 civitas
2209 3331 2422 3406 gratias

395 3421 521 3479 Sto.
554 3419 775 3493 ignatio
820 3422 939 3495 agit
977 3424 1048 3478 de
1092 3426 1154 3479 P.
1201 3427 1401 3490 Olave,
1446 3428 1622 3484 Tibur
1660 3431 1731 3484 ad
1775 3430 2225 3487 concionandum
2250 3429 2423 3486 misso

398 3521 449 3586 (2
470 3519 642 3590 Jan.):
699 3518 1027 3575 Desiderius
1048 3538 1179 3575 vero
1207 3521 1512 3591 Girardini,
1543 3526 1637 3596 qui
1667 3546 1698 3581 e
1723 3526 1890 3582 sociis
1924 3526 2128 3583 unicus
2159 3527 2424 3584 sacerdos

397 3611 454 3667 in
476 3628 542 3668 ea
570 3613 810 3669 statione
835 3614 1198 3682 consistebat,
1230 3618 1419 3674 munia
1445 3637 1590 3689 quae
1616 3633 1862 3690 exercet,
1900 3623 2263 3679 difficultates
2296 3624 2423 3694 qui-

396 3706 506 3762 bus
531 3708 824 3780 premitur,
856 3709 1082 3766 timores
1101 3729 1245 3784 quos
1264 3716 1452 3776 habet,
1479 3735 1549 3772 ne
1575 3719 1857 3773 conducta
1883 3720 2106 3787 domus,
2128 3736 2295 3792 quam
2318 3721 2422 3774 ba-

396 3802 559 3869 bitat,
590 3803 714 3861 aliis
758 3805 1054 3870 vendatur,
1104 3808 1341 3866 'candide
1378 3811 1595 3881 Ignatio
1640 3824 1827 3869 narrat
1876 3818 1957 3885 (21
2010 3817 2176 3887 Apr.;
2234 3831 2334 3885 14,
2351 3817 2423 3870 26

1181 3969 1197 3997 N
