2638 4334
1101 301 1155 348 19
1186 291 1378 336 MARTu
1417 291 1529 348 1553
2198 308 2275 355 191

280 420 549 491 Signore,
579 437 694 474 non
720 419 1059 490 perdonari),
1091 436 1207 474 non
1234 419 1341 474 che
1368 437 1403 473 a
1429 419 1468 471 l'
1498 420 1867 489 occupacion’
1905 422 1961 475 di
1988 433 2190 493 questo
2230 443 2338 496 go·-

285 533 485 585 uern0,
511 532 607 570 ma
632 516 705 570 ne
732 517 916 571 anche
943 516 996 570 al
1023 515 1135 570 mio
1163 514 1352 585 riposo
1381 515 1722 581 necessari03
1753 534 1784 570 e
1813 525 1963 572 tutto
1993 521 2125 589 quel
2147 529 2337 593 tempo

283 614 376 667 ch'
405 610 463 666 io
489 612 694 682 puotro
722 612 988 678 rubbare,
1013 620 1294 683 prometto
1315 629 1349 665 a
1370 612 1445 666 V.
1470 612 1538 665 R.
1565 612 1865 681 spenderlo
1886 614 1943 667 in
1966 615 2335 684 giouamento

281 718 344 764 et
368 707 657 763 inderizzo
682 707 814 764 delli
845 709 1021 763 molto
1050 706 1177 763 Rdi.
1210 706 1520 773 visitatori,
1560 708 1810 761 mandati
1848 709 1904 762 in
1941 721 2142 780 questa
2169 713 2337 768 issola

285 807 358 860 da
384 822 490 860 sua
514 804 724 860 santita
757 807 793 871 ¹,
826 823 927 876 per
953 805 991 859 il
1019 822 1182 876 gram
1210 803 1455 875 bisogno
1482 805 1590 859 che
1616 803 1674 857 di
1695 804 1779 858 lor
1805 805 1851 858 si
1878 808 2079 862 hauea.
2117 812 2337 865 Perche

281 909 441 957 tanto
467 900 524 954 di
552 901 675 956 loro
703 910 915 958 venuta
942 899 1099 955 ristai
1126 900 1342 972 alegrO,
1369 908 1426 955 et
1448 918 1537 954 me
1566 919 1639 956 ne
1660 902 1932 971 promessi
1960 921 2059 973 per
2087 905 2336 960 relacion

278 999 388 1052 che
413 999 472 1051 n'
503 997 676 1054 hebbi
701 998 775 1053 da
802 997 981 1052 nostri
1008 995 1300 1067 magnifici
1326 995 1543 1067 signori
1570 997 1643 1052 de
1670 1015 1773 1051 san
1801 998 2079 1069 Georgio,
2114 1001 2165 1054 ai
2187 1001 2337 1072 prie--

278 1093 379 1163 ghi
405 1093 480 1149 de
506 1093 658 1164 quali
684 1093 733 1149 si
761 1110 947 1148 mosse
974 1110 1080 1147 sua
1104 1091 1314 1146 santita
1342 1091 1673 1148 concedersi
1709 1111 1785 1146 vn
1823 1102 1980 1148 tanto
2016 1096 2338 1151 santissimo

277 1211 310 1243 e
337 1188 596 1260 spiritual
623 1191 794 1255 don0,
825 1207 938 1243 vna
966 1197 1124 1243 tanta
1151 1196 1546 1256 contentezza,
1577 1190 1686 1244 che
1726 1189 1812 1244 fra
1850 1207 1941 1244 me
1967 1199 2150 1246 stesso
2178 1191 2334 1247 dissi:

282 1287 599 1341 Benedetto
625 1286 709 1341 sia
734 1295 929 1341 nostro
958 1285 1156 1356 signor
1183 1284 1361 1351 Iddi0,
1393 1287 1499 1339 che
1528 1296 1733 1356 questo
1770 1305 1921 1341 anno
1946 1287 1995 1342 si
2031 1292 2338 1343 conoscera

279 1383 340 1438 in
367 1392 570 1453 questa
596 1382 767 1438 issola
793 1383 1035 1453 qualche
1062 1400 1245 1454 segno
1279 1381 1337 1436 di
1372 1381 1615 1454 religion
1650 1383 1906 1454 xpiana.,
1945 1402 1978 1439 e
2006 1386 2337 1441 totalmente

281 1481 329 1534 si
356 1480 664 1536 reformera
689 1488 893 1550 questo
919 1480 1072 1535 clero
1099 1497 1312 1548 auezzo
1339 1478 1399 1534 in
1434 1479 1579 1533 tanti
1611 1480 1787 1534 errori
1821 1499 1853 1535 e
1889 1480 2237 1548 dishonesta,
2283 1492 2340 1538 et

280 1577 320 1630 il
345 1593 515 1631 nome
541 1575 599 1631 di
618 1578 734 1649 Jhu
762 1576 1069 1632 benedetto
1097 1576 1393 1642 suscitera,
1433 1584 1491 1632 et
1524 1575 1572 1630 si
1608 1594 2024 1633 consumerano
2064 1577 2205 1633 tanti
2239 1596 2337 1634 co-

220 1701 222 1703 ·
278 1672 452 1728 stumi
479 1672 860 1730 abomineuoli
887 1682 946 1729 et
971 1672 1323 1745 paganesmi.
1358 1674 1434 1729 Se
1470 1674 1701 1744 donque
1736 1693 1835 1745 per
1871 1675 2118 1730 relacion
2153 1677 2274 1730 sola
2308 1668 2341 1732 e

278 1769 413 1825 viua
439 1770 566 1826 fede
593 1769 669 1824 mi
697 1779 1054 1840 prometteua
1081 1770 1223 1825 tanti
1251 1769 1557 1825 santissimi
1584 1770 1719 1824 doni
1747 1790 1780 1827 e
1807 1772 2027 1842 gracie,
2059 1774 2200 1827 hora
2233 1775 2340 1828 che

276 1867 336 1921 in
361 1866 410 1921 si
430 1883 616 1938 puoco
634 1866 848 1938 spaciO,
874 1869 982 1923 che
1001 1869 1033 1922 e
1052 1875 1201 1922 stata
1221 1866 1574 1922 seminata‘la
1593 1868 1713 1922 loro
1734 1867 2055 1923 santissima
2075 1887 2340 1925 semenza
2375 1876 2380 1880 ’

276 1963 337 2018 in
363 1962 551 2035 questi
578 1962 758 2018 nostri
785 1964 990 2035 campi,
1028 1964 1075 2019 si
1110 1965 1256 2020 vede
1290 1965 1551 2036 produrr’
1593 1964 1735 2020 tanti
1771 1965 1960 2032 frutti,
2001 1975 2059 2020 et
2096 1968 2168 2020 da
2201 1967 2340 2039 ogni

279 2064 423 2116 hora
447 2060 708 2116 suscitar’
738 2079 891 2116 noue
918 2061 1131 2132 piante,
1162 2080 1280 2116 non
1307 2079 1480 2132 posso
1503 2063 1607 2116 far’
1632 2063 1778 2118 altro
1799 2080 1901 2134 per
1921 2067 2093 2118 esser'
2125 2066 2198 2120 de
2217 2064 2337 2118 cosi

279 2175 427 2228 poco
454 2156 657 2213 merito
682 2175 716 2212 e
743 2166 1062 2229 peccatore,
1093 2177 1156 2215 se
1182 2177 1298 2213 non
1326 2158 1466 2230 ogni
1492 2159 1550 2213 di
1577 2158 1675 2230 piu
1700 2160 1920 2214 laudar’
1944 2179 1976 2215 e
1997 2160 2334 2232 ringraciar'

283 2261 477 2309 nostro
529 2253 732 2326 signor
782 2255 961 2323 Iddi0,
1018 2257 1124 2310 che
1176 2254 1350 2310 habbi
1396 2255 1671 2327 inspirato
1718 2275 1822 2311 sua
1867 2256 2222 2313 beatitudine
2266 2261 2340 2314 ad

281 2349 512 2422 aprirssi
537 2351 592 2405 13
619 2368 780 2406 cassa
805 2352 879 2407 de
914 2351 1040 2406 suoi
1079 2350 1312 2420 thesori,
1352 2361 1411 2408 et
1443 2361 1650 2409 metter
1684 2372 1852 2408 mano
1888 2353 1946 2407 in
1985 2364 2187 2424 questa
2225 2356 2339 2410 dua
2418 2350 2425 2359 ’

279 2446 495 2517 pastori
523 2447 579 2502 di
607 2456 768 2504 tanto
794 2448 1073 2519 essempio
1109 2468 1141 2504 e
1175 2449 1370 2515 bonta,
1402 2451 1511 2504 che
1544 2451 1639 2506 nel
1675 2459 1868 2522 tempo
1904 2451 1961 2505 di
1996 2460 2200 2521 questo
2226 2452 2339 2507 mio
2376 2508 2377 2512 ,

279 2561 558 2614 gouernO,
583 2562 683 2616 per
718 2545 771 2599 13
808 2544 1003 2616 gracia
1037 2547 1130 2600 del
1165 2538 1411 2617 Signore
1444 2545 1892 2618 indegnamente
1939 2548 2226 2604 riceuutto
2266 2549 2339 2603 da

277 2639 409 2695 miei
433 2640 802 2708 concitadini,
834 2645 881 2697 s’
909 2642 1160 2698 habbino
1196 2662 1229 2698 a
1257 2662 1496 2716 regger,
1536 2662 1842 2716 corregere
1877 2664 1910 2700 e
1946 2647 2138 2702 leuare
2172 2647 2338 2701 final-

276 2745 468 2791 mente
493 2736 534 2790 il
558 2739 688 2794 velo
715 2739 868 2809 dagl'
897 2739 1027 2794 ochi
1056 2758 1089 2794 a
1115 2739 1303 2810 questi
1329 2740 1548 2812 populi,
1582 2742 1748 2811 quale
1776 2741 1813 2795 li
1842 2744 1916 2797 ha
1943 2762 2166 2813 sempre
2195 2743 2337 2796 fatto

277 2833 524 2888 smarrir'
553 2835 607 2890 la
633 2836 865 2890 stradda
889 2835 948 2890 di
974 2836 1332 2892 riconoscere
1358 2838 1413 2892 la
1439 2839 1619 2892 bonta
1646 2840 1719 2893 de
1746 2839 1923 2907 Iddi0,
1955 2858 1987 2894 e
2022 2839 2335 2894 finalmenti

279 2929 478 2986 leuarli
502 2931 576 2986 da
600 2932 654 2986 le
681 2931 832 2987 mani
860 2933 932 2988 de
960 2933 1145 3003 questi
1173 2933 1293 3004 lupi
1320 2934 1530 3005 rapaci,
1560 2936 1614 2990 le
1636 2936 1787 3006 quali
1810 2945 1969 2990 tanto
1997 2935 2335 2990 inhumana-

280 3026 457 3084 menti
476 3027 750 3082 succiono
776 3038 976 3098 queste
1004 3031 1341 3100 peccorelle,
1373 3033 1480 3087 che
1502 3033 1534 3087 e
1554 3051 1668 3086 vna
1695 3032 1943 3103 impieta.
1972 3034 2058 3086 Ne
2086 3031 2217 3097 mai,
2243 3032 2335 3085 dal

281 3122 487 3193 giorno
512 3126 604 3178 ch'
643 3123 698 3178 io
733 3124 882 3196 presi
918 3124 957 3178 il
993 3143 1231 3196 pocesso
1266 3126 1322 3180 di
1361 3136 1564 3197 questo
1601 3128 1808 3194 vfficio,
1846 3138 1997 3183 resto
2019 3137 2238 3183 stracco
2276 3127 2334 3180 di

277 3219 498 3276 cridare
541 3238 812 3292 appresso
856 3221 968 3277 mei
1014 3222 1307 3294 magnifici
1353 3223 1571 3295 signori
1599 3225 1836 3295 padroni
1883 3226 1934 3279 la
1979 3224 2240 3279 calamita
2274 3222 2332 3277 di

275 3316 464 3387 questi
485 3318 700 3389 populi,
723 3317 1048 3390 ingordigia
1061 3339 1094 3375 e
1115 3320 1375 3375 scelerita
1394 3322 1465 3375 de
1486 3321 1609 3375 suoi
1622 3322 1851 3392 pastori,
1870 3332 1927 3376 et
1942 3322 2037 3393 gia
2058 3322 2129 3375 ne
2142 3319 2332 3375 scrissi

275 3413 444 3483 pochi
470 3414 611 3470 mesi
640 3415 696 3470 fa
724 3434 757 3470 a
784 3434 1133 3488 monsegnor
1162 3419 1324 3471 Rmo.
1357 3436 1457 3472 san
1490 3419 1785 3474 Clemente
1823 3420 1864 3485 ²,
1905 3428 1962 3474 et
2002 3428 2086 3471 tra
2123 3419 2159 3470 l'
2189 3417 2332 3471 altre

364 3596 375 3620 ¹
443 3593 604 3651 Julius
627 3593 716 3637 111.
742 3592 827 3639 Cf.
857 3595 1131 3651 POLANCQ
1157 3602 1192 3639 t.
1219 3606 1290 3652 111,
1315 3609 1429 3653 pag.
1463 3595 1538 3651 80,
1558 3604 1723 3641 annot.
1758 3608 1797 3642 1.

359 3671 378 3695 ²
415 3677 418 3680 ·
443 3667 688 3724 «Joannes
712 3669 824 3712 Bta.
856 3667 1056 3725 Cicada,
1080 3670 1369 3726 genuensis,
1401 3670 1430 3712 6
1464 3670 1574 3714 Kal.
1608 3670 1743 3728 Junii
1773 3685 1900 3715 anno
1935 3682 2047 3727 1510
2077 3678 2263 3728 natus,.
2283 3704 2320 3714 ..

277 3741 514 3786 virtutum
537 3741 837 3786 ornamentis
861 3749 911 3787 et
928 3741 1052 3801 juris
1076 3743 1331 3802 utriusque
1362 3743 1618 3801 praesidiis
1649 3744 1921 3796 institutus,
1954 3746 2046 3789 sub
2077 3745 2228 3789 Paulo
2257 3745 2328 3788 111

278 3815 532 3874 utriusque
557 3815 836 3873 signaturae
859 3815 1259 3875 Referendarius,
1281 3817 1518 3861 Gamerae
1544 3818 1856 3876 Apostolicae
1889 3818 2122 3875 Auditor,
2153 3819 2328 3875 Ingau-
