2638 4334
1067 259 1139 294 An
1170 259 1453 295 LECTOREM
2195 272 2222 318 7

239 374 398 441 Oct.;
432 390 485 443 3,
517 388 586 429 22
616 375 788 442 Nov.;
823 390 854 444 3
882 375 1069 445 Deo).
1101 375 1361 447 Eugubii
1388 378 1611 434 sodales
1645 381 1859 447 dolent,
1899 387 2051 453 quod
2086 386 2285 443 civitas

237 470 356 525 suis
382 470 672 526 laboribus
698 488 764 526 ac
792 470 939 525 votis
966 470 1194 527 minime
1222 472 1358 527 satis
1379 475 1718 543 respondeat
1741 478 1791 547 (8
1816 479 1947 533 Oct.
1963 524 1975 547 ,
2001 496 2071 534 20
2089 484 2280 554 Nov.):

237 575 434 621 contra
468 584 625 633 νει-ο,
676 566 924 622 Numine
970 585 1134 639 opem
1171 569 1410 636 serente,
1449 570 1755 641 collegium
1783 577 2147 643 perusinum,
2177 579 2283 634 etsi

165 715 181 730 ,
237 662 654 747 reluctantibus
675 662 835 718 initio
869 663 1115 718 civitatis
1149 663 1457 735 magistris,
1487 664 1839 722 incrementa
1868 668 1922 722 in
1954 671 2074 726 dies
2102 674 2283 728 susci·

234 758 336 829 pit,
368 761 514 842 bene
540 761 611 830 de
639 747 869 818 civitate
890 768 1160 829 meretur,
1191 763 1352 816 locus
1378 762 1639 817 aedificio
1665 763 2017 835 designatur,
2049 770 2283 840 egregie

232 873 334 925 pro
356 855 571 912 ratione
590 855 971 913 instituendae
985 857 1307 928 juventutis
1326 852 1687 914 Mercuri'ano
1706 870 2010 931 perorante
2032 865 2277 936 (20Jan.;

239 951 303 1005 18
325 952 511 1023 Apr.)‚
543 952 640 1022 qui
671 953 964 1008 Perusiam
1002 957 1230 1009 Patrem
1266 955 1449 1010 Olave
1483 955 1780 1010 accersivit
1817 957 1905 1026 (28
1936 959 2135 1029 Aug).
2171 961 2281 1015 Hic

230 1058 356 1102 acta
390 1062 521 1104 cum
560 1049 831 1105 cardinali
850 1050 1133 1120 ‘perusino
1177 1060 1370 1106 narrat
1416 1052 1526 1123 (28,
1580 1067 1651 1124 29
1697 1053 2279 1123 Aug.).—Florentia

230 1146 296 1198 P.
331 1144 496 1201 Viola
523 1145 719 1200 scribit
738 1147 1019 1216 docetque
1038 1146 1150 1201 loci
1171 1156 1229 1203 et
1249 1147 1562 1202 incolarum
1576 1148 1985 1219 Garfagnanae
2011 1150 2278 1220 optimam

229 1240 610 1297 conditionem
659 1251 721 1297 ut
766 1242 843 1297 ibi
891 1243 1193 1300 Societatis
1238 1244 1543 1315 collegium
1592 1244 1924 1300 instituatur
1970 1246 2060 1318 (27
2097 1248 2275 1318 Maj.>,

228 1339 390 1407 quod
418 1348 608 1394 tamen
635 1338 957 1394 institutum
980 1358 1095 1395 non
1122 1350 1228 1396 est.
1981 1321 1986 1327 ¹

339 1436 435 1490 Ab
468 1435 558 1490 his
592 1436 924 1508 regionibus
961 1424 1148 1493 rerum
1183 1446 1505 1492 nostrarum
1543 1437 1848 1509 scriptores
1890 1439 1946 1492 in
1985 1440 2275 1494 Corsicam

225 1533 521 1587 oculorum
550 1533 728 1589 aciem
756 1543 1121 1590 convertunt.
1154 1536 1200 1590 F
1203 1543 1508 1605 requentes
1535 1535 1705 1591 etiam
1727 1535 1860 1590 hinc
1881 1536 2147 1607 epistolas
2174 1555 2277 1591 nos

224 1646 452 1700 quoque
490 1630 711 1685 damuS.
756 1631 871 1687 Sed
900 1641 963 1686 ut
1001 1649 1196 1687 earum
1244 1640 1647 1703 argumentum
1686 1633 1855 1703 plane
1901 1632 2269 1704 intelligatur,

220 1726 392 1797 paulo
418 1726 588 1782 altius
615 1746 706 1784 res
733 1744 803 1781 ex
833 1729 1220 1795 ORLANDINO,
1252 1730 1407 1782 Hist.
1440 1728 1562 1782 See.
1587 1729 1734 1801 ses,
1773 1728 1900 1784 libr.
1942 1747 2075 1796 xm,
2112 1749 2167 1784 n.
2210 1745 2270 1784 12

219 1832 278 1876 et
304 1841 488 1894 seqq.‚
520 1825 829 1895 repetenda
854 1834 984 1879 est.:
1022 1825 1346 1880 «Corsicam
1380 1824 1602 1900 [inquit]
1635 1834 1890 1882 extremo
1925 1843 2075 1880 anno
2100 1843 2272 1896 supe-

220 1919 367 1975 riore
393 1920 669 1977 Siluester
695 1922 988 1977 Landinus
1013 1930 1072 1977 et
1106 1923 1441 1978 Emmanuel
1475 1919 1728 1997 [Gomes]
1764 1941 1796 1976 a
1832 1925 2027 1978 Monte
2063 1922 2272 1979 maiore

218 2034 349 2072 cum
367 2016 711 2089 attigissent,
736 2018 940 2075 misere
960 2019 1330 2086 laborantem,
1355 2020 1513 2089 quod
1533 2020 1605 2074 ad
1625 2019 1941 2074 animarum
1958 2019 2197 2074 salutem
2214 2029 2271 2075 et

218 2113 603 2186 cognitionem
631 2115 739 2171 Dei
766 2115 1031 2186 pertinet,
1063 2135 1188 2172 eam
1209 2115 1452 2171 insulam
1484 2116 1895 2172 invenerunt...
1932 2118 2130 2170 Patres
2156 2115 2268 2187 igi-

218 2219 330 2278 tur,
360 2211 678 2267 distributis
703 2211 851 2269 inter
878 2229 1004 2270 sese
1029 2212 1201 2284 varijs
1227 2212 1447 2270 insulae
1473 2213 1633 2280 locis,
1666 2212 1912 2279 Bastiae,
1937 2231 2083 2283 quae
2103 2231 2267 2284 prae-

215 2308 384 2379 cipua
416 2310 552 2363 vrbs
585 2318 693 2376 est,
732 2309 991 2365 Landino
1024 2309 1330 2381 plurimum
1365 2319 1770 2376 commorante,
1808 2309 2026 2364 minora
2062 2309 2269 2380 oppida

214 2414 582 2476 percursante
609 2407 998 2472 Emmanuele,
1023 2415 1256 2463 strenue
1283 2424 1408 2460 eam
1436 2408 1623 2462 colere
1649 2415 1707 2460 et
1735 2407 1807 2461 ad
1835 2406 2125 2476 antiquam
2156 2407 2265 2460 Ec-
2318 2438 2321 2441 ·

211 2501 417 2557 clesiae
444 2520 698 2558 normam
734 2503 1085 2572 formamque
1121 2521 1388 2558 revocare
1424 2502 1772 2572 quotidianis
1807 2502 2180 2557 concionibus
2207 2511 2264 2557 et

210 2598 555 2654 catechismo
601 2609 982 2670 coeperunt...
1027 2601 1144 2656 Sed
1178 2618 1251 2654 ne
1297 2602 1548 2656 secunda
1574 2600 1741 2655 nimis
1783 2618 1919 2654 aura
1955 2602 2173 2666 PatreS,
2206 2609 2263 2655 et

209 2695 654 2765 praeclarissima
673 2696 821 2752 inter
841 2697 1099 2751 homines
1120 2698 1267 2752 fama
1289 2705 1409 2752 tota
1429 2697 1613 2752 insula
1634 2698 2073 2768 percrebescens
2093 2698 2260 2751 effer—

209 2803 314 2860 ret3
346 2792 600 2863 provide,
633 2803 696 2848 ut
722 2795 884 2863 solet,
916 2793 1108 2849 divina
1134 2794 1411 2866 sapientia
1437 2794 1804 2865 comparavit,
1829 2802 1891 2846 vt
1911 2792 2100 2848 subita
2127 2811 2257 2864 pro-

206 2890 349 2945 cella
374 2907 440 2944 ac
468 2898 803 2961 tempestate
829 2891 1143 2961 percuISOS,
1168 2890 1225 2944 in
1246 2890 1433 2945 officio
1453 2890 1843 2966 modestiaque
1862 2889 2246 2945 contineret...

207 2985 578 3043 Marianensis
605 2986 868 3057 Episcopi
896 2986 1219 3042 vicarius...
1251 2986 1459 3057 alijque
1486 2986 1837 3052 nonnulli...,
1862 2985 2026 3041 veriti
2046 3004 2117 3040 ne
2140 2988 2251 3040 Pa-

206 3091 322 3139 tres
342 3082 441 3150 illi,
465 3083 564 3154 qui
585 3083 956 3139 Visitatorum
983 3083 1212 3140 nomine
1239 3085 1311 3138 ab
1332 3083 1667 3154 Apostolica
1689 3084 1838 3140 Sede
1859 3082 2248 3148 mittebantur,

203 3180 405 3235 solutis
432 3180 550 3235 suis
576 3179 898 3235 moribus...
940 3181 1165 3236 fraenos
1196 3179 1515 3250 inijcerent,
1564 3189 1664 3235 aut
1699 3180 1771 3234 ad
1804 3179 2060 3233 eamdem
2098 3177 2251 3232 Petri

201 3277 411 3332 Sedem
450 3294 551 3348 per
589 3276 807 3331 litteras
851 3294 913 3332 se
958 3277 1273 3344 deferrent,
1323 3275 1772 3331 mendacissimis
1819 3283 2250 3330 anteuerterunt

197 3373 453 3444 epistolis
477 3382 537 3428 et
558 3382 844 3430 extremae
871 3391 970 3430 eos
997 3372 1256 3430 elationis
1282 3382 1340 3428 et
1366 3372 1727 3444 arrogantiae
1749 3370 2248 3438 intolerandaeque

196 3469 516 3525 seueritatis
561 3470 986 3538 insimularunt,
1026 3470 1165 3547 qui„
1193 3489 1265 3526 ne
1304 3469 1721 3546 Religiosorum
1761 3467 1988 3537 quidem
2029 3465 2245 3521 ratione

197 3565 410 3633 habita,
442 3567 608 3623 Sedis
635 3566 1000 3638 Apostolicae
1027 3565 1365 3621 auctoritate
1386 3565 1827 3636 intemperanter
1847 3564 2237 3618 abuterentur.

199 3662 272 3716 Et
298 3679 410 3730 quo
437 3680 528 3718 res
554 3663 764 3718 certius
790 3663 1208 3719 collimarent...
1233 3642 1611 3732 quemdam...
1646 3660 1901 3732 protinus
1928 3659 1999 3714 ad
2028 3659 2237 3713 Vrbem

197 3756 449 3811 mittunt.
483 3758 667 3828 Qui...
699 3769 814 3813 tam
841 3758 1034 3813 multis
1059 3757 1273 3813 curiam
1309 3758 1553 3828 querelis
1585 3756 1853 3828 opplevit,
1894 3763 1975 3808 tot
2010 3753 2237 3807 menda-
