2638 4334
1078 394 1224 449 MAJo
1259 394 1374 452 1553
2101 399 2184 446 321

210 524 426 580 Paulus
450 521 769 576 christianis
795 521 1145 587 mulieribus,
1167 521 1353 576 Patris
1375 530 1561 576 tamen
1591 508 1795 578 Vierae
1827 526 1839 551 ¹
1869 528 2095 581 hortatu
2125 528 2247 582 cul-

213 628 333 674 tum
361 618 517 673 illum
544 635 767 674 omnem
796 617 1195 683 uendiderunt,
1226 626 1284 672 et
1309 617 1608 688 pecuniam
1637 618 1774 673 satis
1795 638 2079 691 magnam,
2118 623 2248 679 inde

213 717 533 781 conflatam,
564 713 908 784 pauperibus
934 711 1171 785 largitae
1198 721 1351 767 sunt.

325 804 651 867 Tenebatur
674 808 1014 882 grauissimo
1039 810 1238 864 morbo
1277 827 1419 863 uxor
1445 809 1778 864 nobilissimi
1805 810 2095 867 cuiusdam
2125 814 2247 880 viri,

213 905 415 962 illustri
443 899 501 961 et
529 906 648 977 ipsa
675 923 886 978 genere
914 914 1066 971 nata,
1099 923 1244 975 quae
1271 913 1405 962 ante
1431 915 1680 975 quatuor
1706 925 1907 972 annOS,
1948 926 2061 962 non
2088 911 2255 964 modo

213 1023 275 1060 se
302 1021 335 1058 a
360 1002 603 1059 delicato
635 1002 865 1057 uiuendi
892 1020 1104 1073 genere
1132 1003 1204 1056 ad
1230 1001 1353 1073 pios
1380 1011 1721 1072 sanctosque
1756 1003 1977 1058 labores
2008 1013 2254 1059 transtu-

211 1101 374 1165 lerat,
405 1099 506 1155 sed
533 1098 740 1153 multas
766 1098 934 1154 etiam
961 1097 1098 1153 alias
1126 1099 1198 1152 ad
1219 1100 1326 1152 hoc
1351 1100 1705 1165 hortabatur,
1738 1098 2008 1155 Societati
2033 1111 2256 1156 nostrae

212 1214 395 1266 usque
416 1213 484 1251 eo
511 1194 756 1261 addicta,
782 1203 846 1249 ut
867 1213 990 1251 eam
1011 1194 1239 1266 publice
1260 1194 1589 1266 saepissime
1609 1195 2055 1262 commendaret,
2082 1214 2255 1266 quum

210 1292 443 1359 diceret,
474 1309 536 1346 se
562 1310 681 1346 non
707 1293 812 1346 hos
838 1301 937 1347 aut
963 1291 1088 1345 illos
1110 1290 1413 1347 Societatis
1433 1300 1659 1347 nostrae
1687 1293 1910 1358 fratreS,
1936 1293 2037 1348 sed
2063 1310 2260 1349 omnes

211 1389 270 1443 in
299 1388 627 1444 uniuersum
654 1386 850 1459 magni
878 1389 1082 1443 facere.
1115 1389 1211 1443 Ad
1230 1390 1378 1443 hanc
1405 1387 1601 1459 igitur,
1633 1406 1809 1459 quum
1837 1387 1946 1442 iam
1982 1406 2132 1443 mors
2172 1389 2259 1442 in-

213 1494 408 1552 staret,
437 1485 591 1538 lenta
618 1492 828 1551 tamen,
860 1501 961 1555 per
988 1492 1171 1539 totum
1198 1502 1453 1540 mensem
1480 1483 1632 1541 idem
1661 1487 1852 1550 Pater,
1883 1484 2069 1538 mariti
2105 1502 2260 1539 com-

213 1582 411 1653 pulsus
438 1579 721 1651 precibus,
749 1588 927 1641 noctu
953 1579 1091 1646 ibat,
1121 1581 1309 1653 donec
1334 1580 1610 1652 superiori
1636 1590 1805 1637 nocte
1832 1580 2093 1652 spiritum
2119 1580 2261 1636 emi-

214 1677 308 1743 sit,
338 1675 653 1731 incredibili
698 1675 951 1731 omnium
997 1676 1408 1743 aedificatione,
1458 1694 1526 1732 ac
1570 1676 1873 1748 praecipue
1910 1677 2036 1743 uiri,
2076 1677 2173 1747 qui
2200 1696 2263 1734 se

215 1773 407 1829 uxoris
433 1790 570 1828 suae
596 1772 845 1829 consiliis
871 1774 1244 1845 exemploque
1270 1774 1639 1829 christianum
1666 1791 1813 1841 esse,
1837 1774 1936 1829 ait.

325 1872 552 1926 Fratres
597 1868 835 1940 aliquot,
883 1869 981 1940 qui
1027 1870 1286 1942 proxima
1337 1870 1773 1943 quadragesima
1823 1870 1882 1925 in
1927 1870 2091 1938 locis,
2144 1879 2263 1926 tum

214 1966 514 2036 Enrriqu0,
545 1965 803 2037 principi,
844 1974 965 2021 tum
999 1966 1292 2022 Ludovico
1326 1966 1619 2034 subiectiS,
1650 1984 1851 2023 eorum
1879 1966 2150 2038 petitione
2176 1967 2264 2021 vi—

213 2081 379 2120 neam
405 2061 636 2118 Domini
674 2062 986 2130 coluerant,
1028 2063 1272 2118 maxima
1310 2082 1507 2119 eorum
1547 2063 1951 2120 beneuolentia
1990 2072 2124 2118 sunt
2163 2083 2263 2120 ex-

216 2159 386 2231 cepti;
434 2177 565 2214 nam
610 2160 678 2214 P.
729 2158 1004 2215 Melchior
1028 2159 1117 2215 bis
1144 2160 1164 2186 ²
1199 2179 1233 2215 a
1259 2161 1576 2227 Ludouico,
1606 2160 1883 2232 principe,
1933 2159 2262 2226 accersituS,

219 2274 417 2327 quum,
441 2256 639 2312 sedere
658 2255 868 2323 iussuS,
890 2266 1200 2327 exponeret
1219 2275 1408 2312 rerum
1428 2256 1636 2328 capita,
1661 2274 1803 2327 quas
1825 2256 1920 2328 agi
1944 2257 2263 2328 oportebat,

219 2352 482 2425 princeps
507 2351 628 2423 ipse
653 2371 758 2408 sua
782 2371 955 2407 manu
982 2352 1267 2409 scribebat
1285 2354 1474 2408 omnia
1494 2362 1610 2409 tam
1630 2355 1779 2409 laeto
1805 2371 1871 2408 ac
1891 2353 2058 2407 hilari
2080 2353 2264 2418 uultu,

225 2439 286 2505 ht
314 2448 478 2506 facile
503 2448 675 2504 animi
701 2449 791 2503 sui
815 2448 1086 2505 laetitiam
1113 2449 1409 2517 indicaret,
1440 2458 1499 2507 et
1524 2459 1654 2522 post
1681 2451 1922 2505 multum
1950 2467 2267 2505 sermonem

221 2546 279 2601 id
306 2564 534 2617 quoque
559 2546 893 2611 affirmabat,
931 2546 1079 2602 bene
1111 2555 1300 2601 actum
1329 2565 1456 2603 esse
1488 2564 1620 2603 cum
1653 2546 1826 2601 huius
1860 2544 2128 2617 temporis
2162 2546 2267 2598 ho-

219 2642 486 2708 minibUS,
517 2641 576 2696 in
603 2641 810 2712 quibus
837 2644 996 2699 Deus
1021 2642 1271 2714 optimus
1296 2643 1576 2698 maximus
1603 2643 1950 2700 Societatem
1985 2645 2133 2696 hanc
2167 2658 2267 2696 ex-

219 2739 467 2795 citasset:
498 2756 667 2808 quam
693 2738 974 2793 Dominus
992 2741 1162 2811 Jesus
1189 2740 1260 2793 ad
1288 2757 1455 2794 suum
1482 2742 1756 2795 honorem
1778 2737 2032 2810 quotidie
2055 2755 2269 2807 augere

222 2835 438 2890 utinam
464 2834 621 2891 uelit.
652 2834 831 2890 Filius
856 2834 1128 2907 indignus
1154 2837 1223 2891 R.
1259 2837 1325 2890 Ρ.
1357 2837 1449 2902 V.,

1595 2933 1967 2988 CYPRIANUS.

338 3029 663 3100 Inscriptio,
695 3027 734 3101 †
760 3028 836 3083 Al
862 3046 1000 3099 muy
1035 3029 1178 3084 Rdo.
1208 3030 1395 3084 Padre
1429 3048 1500 3086 en
1536 3028 1766 3085 Christo
1802 3036 2037 3084 nuestro
2064 3028 2267 3089 Sefior,

230 3133 462 3181 nuestro
489 3126 555 3180 P.
587 3133 797 3181 mestre
824 3123 1077 3195 IgnaciO.

342 3221 477 3276 Alia
503 3239 702 3276 manu.
735 3223 802 3276 P.
834 3220 1175 3293 Cyprianus,
1200 3221 1324 3277 sine
1350 3223 1498 3290 loc0,
1529 3230 1640 3279 ete.

319 3380 331 3406 ¹
395 3378 683 3424 Franciscus
705 3379 870 3435 Viera,
893 3378 956 3424 de
985 3393 1081 3439 quo
1110 3380 1358 3439 praeclara
1380 3386 1577 3425 narrant
1604 3379 1720 3425 Litt.
1749 3379 1968 3436 Quadr„
1994 3387 2139 3433 saepe
2164 3373 2271 3417 lau-

227 3451 391 3511 datae,
413 3459 450 3497 t.
474 3464 527 3510 11,
550 3467 667 3513 pag.
691 3464 797 3511 220,
822 3464 929 3499 221.

315 3529 333 3555 ²
396 3528 490 3575 Ms.
517 3529 615 3574 uis.

422 3996 658 4034 prsrouut
683 3997 863 4042 Mxxuu,
882 4008 960 4034 rou
969 4025 978 4034 .
1000 4007 1067 4034 m.
1958 3993 1999 4029 2¹
