2638 4334
978 324 1036 372 24
1067 313 1377 360 Novmnuus
1412 312 1527 371 1553
1849 376 1860 382 ,
2119 320 2207 377 615

343 442 404 496 Io
430 458 613 497 sonno
641 451 822 497 statto
844 459 1005 498 come
1033 442 1267 495 sforzato
1294 439 1366 495 de
1393 438 1611 510 aperire
1637 441 1690 496 le
1717 442 1917 500 lettere
1957 455 2012 501 et
2047 447 2181 501 dare
2214 447 2269 501 la

233 535 496 607 risposta,
529 536 716 592 inan-zi
751 539 856 593 che
891 536 1143 593 auissare
1176 536 1248 591 V.
1284 537 1375 590 P.:
1407 534 1545 606 ogni
1571 536 1723 591 volta
1751 539 1858 592 che
1883 540 1954 594 V.
2004 542 2069 596 P.
2105 545 2266 597 vorra

231 634 444 689 hauere
471 633 525 689 le
551 634 772 700 lettere,
803 633 856 687 io
885 632 966 705 gli
1000 632 1226 687 mando.
1269 632 1400 686 Non
1440 631 1505 686 ce
1532 648 1688 699 cosa,
1720 632 1885 690 sinon
1913 637 2018 691 che
2045 637 2263 692 deside-

231 719 411 783 ranno
435 745 636 799 sapere
664 729 711 784 si
738 728 792 784 io
827 738 916 785 sto
950 730 1098 786 bene
1133 737 1190 785 et
1224 728 1373 784 del-la
1410 727 1777 798 dispositione
1816 740 1872 785 et
1911 732 2161 788 volunta.
2207 736 2265 790 Io

229 824 311 895 gli
338 826 618 896 respondo
646 827 1097 891 honestamente‚
1130 825 1378 880 secondo
1398 822 1555 878 Iddio
1583 832 1640 879 et
1666 824 2011 880 conscientia
2039 828 2265 905 religio-

229 939 310 976 sa.
344 922 417 976 V.
452 923 511 976 Ρ.
544 923 741 992 potera
769 921 975 977 vedere
1001 921 1054 978 le
1080 921 1300 988 lettere,
1331 920 1539 991 perche
1557 918 1621 974 ’10
1657 919 1774 992 [ho]
1809 923 1967 976 datto
2001 925 2267 980 commis-

229 1016 392 1072 sione
422 1018 476 1072 al
502 1026 765 1088 presente
792 1018 969 1074 latore
996 1016 1352 1071 monstrarle.
1384 1015 1446 1074 Si
1476 1034 1602 1073 essa
1627 1017 1680 1072 16
1708 1018 1855 1074 volle
1876 1019 2098 1086 vedere,
2125 1020 2267 1076 ben-

226 1114 332 1168 6116
370 1114 423 1170 16
457 1116 534 1168 ho
559 1122 799 1170 serratte
827 1112 1008 1186 [potra
1037 1112 1244 1185 farlo?].
1285 1114 1380 1168 Me
1406 1113 1615 1184 ⁴{hanno
1649 1114 1939 1169 mandatto
1974 1115 2112 1171 certi
2148 1117 2267 1170 faz-

233 1209 445 1264 zolletti
470 1210 542 1266 de
570 1210 680 1264 mia
707 1210 927 1264 sorella.

338 1307 518 1361 Tutto
542 1305 582 1360 il
608 1305 723 1360 mio
748 1304 999 1363 scriuere
1025 1314 1112 1360 sta
1146 1304 1205 1359 in
1241 1306 1348 1360 doe
1384 1322 1534 1360 cose:
1573 1324 1686 1360 vna
1719 1324 1821 1377 per
1853 1306 1974 1362 loro
2008 1310 2267 1363 consola—

226 1401 403 1468 tione,
435 1410 493 1458 et
518 1403 681 1457 laltra
707 1420 807 1473 per
833 1401 1069 1472 obligho
1095 1401 1167 1458 de
1194 1400 1307 1456 mia
1333 1400 1700 1469 conscientia,
1739 1401 1996 1457 ordinata
2028 1404 2121 1459 dal
2153 1405 2267 1459 mio

224 1498 569 1555 consessore.
602 1499 675 1553 V.
709 1499 775 1552 P.
815 1481 1011 1568 potera
1049 1497 1254 1553 vedere
1287 1497 1342 1554 16
1376 1498 1596 1564 lettere,
1637 1500 1745 1555 che
1779 1517 1960 1557 sonno
1997 1501 2122 1568 doe3
2154 1501 2266 1557 mai

223 1594 304 1666 gli
332 1596 408 1648 ho
433 1593 654 1661 scritt0‚
685 1594 840 1665 dipoi
861 1595 969 1648 che
994 1593 1050 1648 io
1076 1602 1165 1648 sto
1192 1594 1340 1648 nella
1368 1594 1745 1666 Compagnia,
1775 1604 1833 1650 et
1859 1605 2097 1651 stauano
2120 1598 2263 1652 mol·

224 1699 282 1745 to
308 1689 566 1746 desolati.
619 1691 786 1746 Altra
830 1709 946 1746 non
981 1691 1067 1756 ce,
1100 1690 1264 1744 sinon
1299 1691 1406 1745 che
1445 1689 1499 1745 io
1535 1692 1611 1745 ho
1638 1691 1943 1747 confissato
1982 1711 2094 1747 vna
2135 1712 2263 1764 per-

221 1804 362 1842 sona
387 1786 539 1858 dipoi
566 1788 620 1844 16
647 1795 840 1844 nostre
865 1786 1062 1843 vltime
1093 1788 1129 1840 ¹.
1163 1787 1428 1841 Hauemo
1454 1786 1494 1841 il
1522 1786 1762 1857 jubile0,
1801 1797 1858 1843 et
1892 1788 2127 1844 nissuno
2161 1809 2263 1844 an-

221 1884 398 1938 chora
423 1901 487 1940 se
512 1883 790 1939 confessa.
824 1885 915 1938 Da
943 1882 1149 1954 Tyuoli
1177 1898 1246 1938 22
1279 1883 1351 1939 de
1378 1884 1709 1941 Nouembre
1756 1897 1914 1954 1553.
1953 1887 2043 1942 De
2078 1887 2148 1942 V.
2190 1889 2257 1941 P.

220 1978 629 2051 indegnissimo
655 1996 824 2035 seruo
849 1979 910 2034 in
935 1978 1064 2046 X.⁰,

1189 2078 1535 2132 DESIDERIO
1573 2077 1960 2141 GERARDINO.

331 2172 656 2243 Inscriptio:
682 2173 757 2228 Al
784 2173 961 2228 molto
988 2171 1127 2227 R.do
1154 2172 1210 2226 in
1238 2171 1348 2229 X.⁰
1378 2173 1584 2239 Padre,
1615 2172 1655 2226 il
1684 2174 1868 2229 Padre
1896 2176 1975 2229 M.
2015 2173 2258 2246 Ignati0‚

217 2267 503 2340 preposito
530 2269 799 2340 generale
825 2269 974 2326 della
1000 2268 1359 2340 Compagnia
1384 2268 1443 2322 di
1461 2271 1622 2342 Jessl.
1655 2271 1711 2329 A
1738 2271 1936 2325 Roma.

1173 2541 1312 2593 ne

811 2630 1252 2717 HIEkONYMUS
1283 2667 1654 2717 DOMENECH

679 2783 912 2837 PATRI
950 2783 1280 2838 IGNATIO
1319 2784 1425 2838 DE
1464 2783 1791 2838 LOYOLA

795 2924 1041 2961 MESSANA
1074 2926 1132 2972 24
1162 2926 1465 2962 novmfflms
1500 2914 1614 2975 1553
1638 2914 1671 2959 ¹.

213 3032 291 3077 De
327 3031 566 3078 coenobio
602 3033 848 3092 virginum
880 3036 989 3080 Deo
1020 3049 1285 3093 sacrarum,
1317 3035 1448 3095 quod
1479 3035 1794 3080 Ascensionis
1830 3033 2252 3090 vocatum—Quae

469 3107 592 3152 ratio
613 3107 725 3153 iniri
747 3108 903 3168 possit
924 3109 986 3154 ad
1007 3109 1437 3167 redintegrandam
1461 3124 1648 3155 morum
1670 3107 1992 3166 disciplinam.

330 3330 469 3399 Muy
496 3329 634 3384 R.do
661 3330 720 3384 in
740 3332 838 3386 X.⁰
862 3332 1062 3388 Padre.
1094 3334 1214 3387 Pax
1242 3331 1344 3388 X.i
1371 3334 1438 3388 El
1457 3333 1682 3403 visorey
1702 3335 1923 3402 querria
1951 3347 2059 3399 que
2082 3330 2152 3384 V.
2181 3331 2247 3384 P.

310 3457 322 3482 ¹
388 3454 601 3500 Auream
622 3455 773 3503 animi
793 3456 1176 3516 simplieitatem,
1199 3473 1344 3518 quam
1365 3459 1415 3504 in
1438 3459 1658 3518 epistolis
1680 3457 1822 3515 hujus
1840 3454 2071 3514 temporis
2093 3461 2253 3499 osten-

215 3528 288 3573 dit
311 3528 372 3572 P.
402 3527 662 3587 Gerardin,
686 3530 891 3575 eandem
914 3538 1151 3591 perpetuo
1172 3532 1375 3577 retinuit
1398 3548 1551 3592 usque
1575 3532 1634 3576 ad
1657 3539 1879 3588 mortem,
1902 3544 2026 3589 quae
2055 3529 2101 3574 ei
2130 3529 2247 3574 acci·

216 3602 289 3648 dit
304 3616 334 3660 9
355 3600 585 3650 Octobris
611 3613 741 3661 1555,
764 3604 1007 3651 Panormi.
1034 3606 1150 3651 «Vir
1171 3606 1280 3666 pius
1302 3621 1358 3651 ac
1380 3609 1566 3652 bonus»
1590 3606 1759 3651 scribit
1788 3606 2089 3658 POLANCUS,
2122 3610 2163 3648 t.
2199 3613 2250 3659 v,

216 3690 335 3735 pag.
364 3688 470 3734 204,
493 3692 542 3722 n.
568 3677 673 3735 596,
695 3676 790 3723 fuit
812 3679 1038 3724 «natione
1060 3679 1408 3740 Lotharingus,
1432 3690 1483 3726 et
1503 3682 1605 3741 qui,
1622 3678 1835 3739 quandiu
1852 3677 2027 3737 potuit,
2046 3676 2251 3735 diligen-

213 3758 315 3796 tem
337 3765 392 3796 se
413 3751 685 3810 operarium
707 3751 882 3797 vineae
904 3753 1103 3799 Domini
1124 3755 1418 3813 praestitit.»

304 3829 322 3854 ²
385 3827 458 3871 Ex
480 3826 781 3885 autographo
803 3825 852 3871 in
874 3828 973 3871 vol.
996 3828 1062 3884 D,
1085 3828 1347 3887 sextuplici
1368 3828 1505 3888 folio,
1523 3844 1572 3874 n.
1597 3826 1672 3883 30,
1696 3826 1827 3886 prius
1854 3825 2065 3883 157-161.
