2638 4334
471 302 561 361 432
1086 304 1384 350 EPISTOLAB
1415 301 1680 347 Muru-
1694 301 1787 359 ⁶49

415 430 653 486 Mons.re
685 427 745 483 di
772 428 1027 485 Mariana
1059 431 1072 458 ¹
1102 438 1162 485 et
1188 429 1261 486 de
1288 436 1435 483 tutte
1460 427 1514 482 le
1541 445 1647 484 sue
1672 445 1825 495 cose,
1849 427 2011 486 uoria
2030 431 2124 485 ch'
2148 431 2276 487 altn’
2298 433 2457 491 testi-

411 526 676 581 ficassero
700 525 757 581 la
781 524 964 581 uerita
989 538 1048 582 et
1068 533 1281 597 quanta
1301 523 1470 580 fatica
1494 522 1544 578 si
1562 522 1779 595 patisce
1797 542 1900 597 per
1918 524 2100 597 gloria
2118 526 2178 582 di
2196 526 2329 596 Dio,
2354 548 2454 601 per

410 623 471 679 S.
510 620 625 679 δάε
668 622 824 677 R,ma
856 620 916 676 di
949 622 1054 677 far’
1097 621 1438 691 sequestrar’
1476 619 1530 676 le
1582 618 1820 676 tendite.
1854 621 2045 676 Forno
2095 623 2285 679 alcuni
2317 643 2447 697 pre-

410 726 573 776 sente
598 717 638 772 il
663 716 893 790 signore
919 725 1320 790 gouernatore,
1357 716 1464 771 che
1498 714 1778 771 diceuano
1811 717 1939 774 chel
1972 716 2021 773 si
2054 718 2256 775 douria
2287 738 2444 777 com·

408 813 644 870 minciar
668 813 802 870 dani
827 813 973 886 capi;
1004 823 1060 871 et
1087 813 1142 868 io
1168 812 1424 884 rispuose
1451 820 1715 882 presente
1748 812 1802 868 13
1835 822 2012 882 corte,
2049 817 2157 871 che
2190 814 2239 871 si
2273 817 2445 874 lassa-

407 912 533 967 sino
559 929 660 983 per
684 911 833 967 bene
859 919 918 967 et
943 911 1070 966 chel
1096 909 1144 965 si
1173 910 1389 964 facesse
1414 907 1563 964 colle
1588 908 1844 965 membra
1869 910 1924 965 13
1949 927 2103 979 cosa;
2139 930 2173 967 e
2205 914 2344 981 cosi,
2382 932 2446 972 se

409 1008 471 1066 S.
503 1006 620 1065 S.ia
656 1006 775 1062 fara
800 1009 976 1063 cerar’
1007 1006 1061 1061 la
1088 1004 1270 1060 uerita
1295 1003 1354 1059 di
1381 1002 1514 1059 tutti
1541 1002 1658 1070 noi,
1689 1004 1743 1060 la
1771 1008 2019 1074 trouara;
2050 1015 2109 1062 et
2134 1007 2213 1062 dil
2232 1026 2339 1064 suo
2359 1009 2447 1065 vi-

407 1104 561 1161 cario
586 1106 606 1133 ’
637 1102 731 1159 noi
757 1102 995 1159 siammo
1023 1101 1163 1156 tanti
1181 1100 1462 1172 occupati,
1487 1100 1615 1156 chel
1634 1118 1751 1156 non
1771 1100 1819 1156 si
1841 1103 1955 1172 puo
1982 1106 2196 1160 cercar'
2218 1105 2259 1159 l'
2280 1106 2448 1161 altrui

408 1201 554 1258 fatti.

516 1297 717 1370 Hoggi
757 1295 1150 1369 pigliaremmo
1188 1293 1406 1350 licenza
1448 1292 1523 1349 da
1560 1292 1697 1348 duoi
1735 1292 1969 1366 signore
2005 1297 2332 1354 comessarii
2369 1298 2447 1353 dil

404 1393 713 1468 magnifico
739 1391 927 1447 vsficio
955 1392 996 1457 ³,
1027 1392 1134 1445 che
1162 1398 1415 1461 tengono
1440 1388 1495 1444 la
1528 1389 1757 1462 propria
1789 1390 2074 1448 authorita
2106 1391 2186 1448 dil
2220 1393 2444 1466 magni-

404 1492 515 1548 fico
541 1489 750 1557 officio,
780 1498 839 1545 et
863 1488 981 1544 cosi
1008 1487 1391 1542 uisitaremmo
1417 1486 1456 1540 1’
1485 1484 1645 1542 isola.
1677 1488 1809 1544 Non
1844 1487 2080 1544 siammo
2117 1489 2309 1547 andati
2344 1490 2443 1563 piu

404 1596 614 1661 presto,
645 1604 744 1658 per
770 1593 970 1657 queste
1005 1581 1352 1638 tribulationi
1385 1582 1517 1638 dell'
1557 1591 1793 1650 armata,
1833 1602 1934 1656 per
1967 1603 2083 1640 non
2117 1586 2439 1643 contristar'

403 1692 606 1755 questa
633 1691 801 1738 terra.
834 1682 992 1736 Hora
1018 1682 1124 1736 che
1150 1687 1239 1734 sta
1271 1697 1306 1733 a
1341 1677 1640 1734 Piombino
1675 1679 1696 1706 ⁴
1731 1680 2090 1750 battendoIO,
2127 1700 2190 1739 se
2223 1684 2442 1739 nanda-

404 1797 621 1838 remmo
646 1777 706 1833 in
732 1777 961 1834 nomine
986 1774 1235 1832 Domini.

514 1876 758 1933 Morales
776 1876 795 1903 ³
812 1882 1033 1945 espetta
1051 1873 1106 1927 13
1127 1871 1510 1927 misericordia
1530 1874 1550 1901 ⁶
1573 1871 1652 1927 dil
1672 1871 1918 1944 Signore
1937 1873 2008 1928 da
2029 1875 2103 1931 V.
2126 1876 2195 1930 R.
2215 1874 2297 1932 Mi
2315 1893 2442 1931 rac-

360 2032 374 2047 ,
400 1973 678 2030 comando
710 1971 801 2027 col
843 1973 904 2025 P.
943 1969 1312 2025 Emmanuele
1349 1977 1406 2023 et
1442 1968 1576 2023 tutti
1615 1968 1696 2040 gli
1729 1968 1894 2024 amici
1941 1971 2049 2027 alle
2087 1970 2442 2027 diuotissime

397 2067 636 2125 orationi
662 2066 720 2122 di
747 2068 820 2124 V.
853 2068 918 2121 R.
951 2083 1059 2120 con
1087 2074 1235 2120 tutta
1260 2066 1297 2119 l’
1328 2064 1488 2120 isola.
1513 2065 1678 2120 Dalla
1700 2064 1894 2121 Bastia
1913 2065 2006 2120 alli
2037 2081 2100 2122 12
2128 2067 2185 2121 d'
2215 2067 2443 2140 Agosto

407 2177 566 2235 1553.
596 2166 669 2220 D.
702 2165 775 2220 V.
808 2164 876 2218 R.
912 2165 975 2217 P.
1008 2160 1322 2216 humillimo
1350 2178 1518 2216 seruo
1544 2160 1604 2215 in
1630 2160 1760 2228 X.⁰,

993 2259 1354 2314 SALUESTRO
1395 2259 1672 2314 LANmNo
1712 2257 1824 2332 [da]
1865 2260 2134 2316 Sarzana.

508 2357 832 2428 Inscriptio:
861 2357 975 2428 Jhs.
1010 2355 1083 2410 Al
1111 2354 1225 2409 mio
1251 2354 1427 2410 molto
1454 2352 1593 2409 R.d0
1623 2355 1807 2410 Padre
1833 2356 1928 2412 nel
1955 2358 2026 2412 N.
2068 2357 2155 2424 S„
2186 2356 2224 2411 il
2252 2358 2317 2413 P.
2351 2359 2431 2415 M.

395 2453 617 2527 Ignatio
644 2453 878 2524 Loyola,
913 2449 1196 2522 preposito
1217 2451 1485 2522 generale
1512 2450 1661 2507 della
1681 2451 2038 2523 Compagnia
2064 2452 2121 2508 di
2148 2452 2328 2509 Giesu
2348 2452 2438 2508 di-

393 2550 660 2624 gnisimO,
690 2568 725 2605 a
748 2558 911 2605 santa
940 2547 1117 2603 Maria
1143 2547 1293 2602 dalla
1319 2547 1544 2614 Strada,
1577 2565 1847 2619 appresso
1874 2566 1907 2603 a
1933 2558 2100 2605 santo
2130 2551 2342 2605 Marco,
2378 2551 2437 2604 In

393 2649 592 2705 Roma.

480 2927 493 2954 ¹
557 2921 803 2969 Laudatus
825 2935 970 2980 saepe
994 2919 1260 2966 Balduinus
1281 2919 1343 2965 de
1365 2918 1618 2967 Balduinis
1639 2919 1702 2966 de
1724 2921 1900 2980 Barga.

473 3001 493 3027 ¹
555 2998 771 3057 Joannes
790 2996 897 3040 Bta.
922 2993 1087 3039 Tiseo.

474 3074 493 3100 ³
554 3070 784 3121 Officium
806 3068 1026 3127 intellige
1049 3068 1141 3114 Sti.
1167 3067 1390 3127 Georgii,
1413 3067 1475 3114 de
1496 3082 1594 3129 quo
1615 3067 1732 3114 alibi
1754 3068 1966 3128 egimus.

470 3147 490 3174 ⁴
550 3145 706 3192 «Cum
726 3144 898 3190 classis
920 3143 1223 3202 [turcarum],
1248 3156 1420 3188 versus
1443 3142 1537 3188 alia
1559 3141 1729 3188 Italiae
1747 3142 1912 3189 littora
1932 3157 2190 3202 conversa,
2214 3144 2427 3191 Plumbi-

382 3237 518 3280 num,
555 3219 766 3267 Tusciae
797 3218 1066 3263 maritimae
1097 3226 1309 3278 portum,
1339 3223 1663 3277 oppugnaret,
1695 3216 1800 3277 ipse
1831 3217 1886 3262 P.
1921 3217 2178 3277 Sylvester
2214 3218 2275 3264 ad
2306 3220 2427 3266 alios

381 3296 612 3344 Corsicae
635 3294 840 3356 populos
863 3292 1132 3338 visitandos
1155 3307 1209 3337 se
1230 3290 1488 3337 contulit.»
1519 3291 1796 3347 Pommco,
1819 3299 1856 3337 t.
1882 3303 1952 3351 m,
1982 3306 2096 3352 pag.
2124 3292 2225 3347 108,
2249 3308 2299 3339 n.
2324 3305 2427 3340 202.

471 3372 489 3400 ⁸
552 3370 637 3416 «In
659 3382 772 3415 eum
794 3366 884 3426 [sc.
910 3366 958 3411 in
985 3366 1275 3425 Landinum]
1299 3365 1472 3412 incidit
1492 3365 1690 3426 quidam
1714 3366 1930 3425 Joannes
1953 3366 2182 3425 Morales,
2197 3367 2283 3428 qui
2299 3382 2326 3413 a
2343 3367 2428 3414 So·

379 3445 560 3491 cietate
583 3440 839 3498 recedens,
863 3439 1161 3500 stipendium
1184 3454 1212 3484 a
1242 3438 1512 3499 Republica
1534 3438 1789 3486 Genuensi
1813 3447 1866 3486 ut
1890 3440 2032 3486 miles
2052 3449 2328 3501 acceperat,
2357 3448 2427 3500 et,

375 3533 487 3565 cum
510 3517 619 3564 aliis
640 3514 946 3562 Bonifacium
971 3514 1152 3572 missis,
1172 3528 1257 3574 per
1279 3514 1451 3559 urbem
1474 3513 1606 3559 illam
1625 3513 1881 3560 transibat.
1901 3513 2027 3560 Cum
2050 3522 2215 3561 autem
2239 3516 2292 3561 P.
2322 3515 2430 3576 Syl·

378 3600 543 3639 vester
566 3606 679 3637 eum
701 3596 835 3636 esset
857 3589 1116 3646 allocutus,
1139 3594 1462 3647 compunctus
1483 3586 1586 3644 ille,
1607 3588 1715 3633 Deo
1737 3588 1923 3634 servire
1954 3588 2004 3634 in
2028 3588 2277 3635 Societate
2303 3589 2424 3635 deli·

376 3666 584 3723 bei-avit,
607 3672 658 3711 et
678 3663 843 3711 denuo
866 3669 980 3708 vota
1001 3677 1088 3707 sua
1119 3661 1179 3707 ad
1209 3661 1514 3722 propositum
1544 3663 1636 3708 hoc
1667 3662 2054 3709 confirmandum
2083 3662 2297 3709 emisita»
2329 3664 2426 3709 Po·

374 3752 570 3796 LANCO,
592 3737 907 3787 ibia.-vide
930 3736 1075 3797 epist.
1101 3737 1206 3794 659.

463 3817 482 3845 ⁰
544 3814 635 3861 Ms.
660 3811 948 3859 msicordia.
