2638 4334
982 310 1039 344 20
1070 298 1379 343 Dsscmfflms
1415 294 1529 352 1553
1858 260 1870 266 r
2127 300 2216 356 665

1178 555 1331 607 220

881 683 1226 732 ANTONIUS
1266 683 1355 728 DE
1394 680 1623 729 ARAOZ

685 791 1068 847 PATRIBUS
1110 789 1355 862 BORJA
1395 789 1493 842 ET
1534 788 1808 842 NADAL

797 918 1082 954 comam-0
1112 918 1169 951 20
1196 915 1496 953 DECEMBms
1523 903 1636 962 1553
1670 908 1702 949 ¹.

225 1030 470 1076 Exercitia
494 1029 591 1075 Sti.
611 1029 835 1074 Parentis
852 1043 880 1072 a
901 1026 1192 1087 quibusdam
1214 1025 1758 1085 oppugnantur.—Qua
1780 1025 1860 1069 via
1881 1025 2172 1070 adversariis
2194 1040 2273 1070 oc·

313 1105 621 1150 currendum.
649 1103 875 1149 -Suadet
907 1109 961 1148 ut
982 1102 1031 1148 in
1055 1100 1404 1160 Portugalliam
1433 1099 1494 1144 ad
1517 1099 1786 1144 Henricum
1806 1099 2121 1158 cardinalem,
2143 1115 2272 1145 sum·

314 1196 444 1226 mum
466 1180 582 1225 fidei
604 1179 950 1240 quaesitorem,
973 1192 1052 1222 res
1074 1176 1340 1235 deferatur,
1363 1175 1530 1235 ibique
1553 1175 1677 1220 liber
1699 1175 2069 1234 exercitiorum,
2093 1174 2153 1220 ad
2175 1182 2274 1220 tru-

315 1256 465 1300 tinam
489 1260 767 1312 revocatus,
789 1252 1376 1312 approbetur.-Patrem
1399 1251 1580 1295 Torres
1602 1249 1663 1294 ad
1684 1249 1920 1295 Siliceum
1943 1249 2089 1305 mitti,
2112 1256 2286 1308 rogat.v

308 1331 436 1376 -Ut
457 1329 698 1374 Roderico
720 1328 905 1374 Gomes
928 1326 1107 1385 Borgia
1129 1325 1326 1382 scribat,
1351 1326 1594 1370 hortatur.

1227 1423 1254 1467 ,Γ

1187 1471 1298 1523 Ihs.

331 1594 470 1661 Muy
516 1589 679 1645 R.d08
729 1590 942 1644 Padres
989 1592 1150 1642 mios.
1204 1590 1325 1642 Pax
1370 1586 1503 1658 Xpi.
1558 1589 1710 1642 Pues
1753 1604 1857 1657 por
1900 1593 2052 1639 otras
2103 1590 2267 1639 seran

216 1690 318 1743 Vs,
345 1690 444 1742 Rs.
475 1687 736 1743 avisados
769 1688 842 1742 de
879 1694 1031 1740 otras
1068 1684 1589 1756 particularidadeS,
1627 1703 1699 1739 en
1733 1692 1856 1737 esta
1896 1683 2019 1736 solo
2058 1686 2266 1736 tratare

210 1785 267 1838 lo
293 1802 404 1855 que
431 1802 585 1855 pasa,
618 1801 718 1854 por
744 1801 819 1838 no
845 1783 1005 1836 fiarlo
1032 1782 1105 1838 de
1130 1790 1255 1836 otra
1289 1799 1485 1848 mano,
1525 1798 1752 1850 avnque
1778 1781 1832 1834 la
1865 1780 1959 1835 del
1991 1782 2263 1835 hermano

210 1882 344 1936 Gou
371 1899 434 1935 es
461 1879 776 1935 fidelisima.
809 1880 1074 1950 Algunos
1094 1877 1332 1949 piensan
1353 1896 1483 1947 que,
1507 1877 1716 1931 viendo
1742 1894 1853 1946 que
1880 1894 1949 1930 su
1978 1877 2051 1930 A.
2084 1894 2121 1946 y
2147 1877 2262 1930 Ro-

208 1977 375 2049 drigo
403 1978 421 2003 ²
452 1977 836 2046 comencaban
862 1981 896 2030 a
923 1984 1123 2046 gustat
1149 1976 1221 2029 de
1246 1975 1300 2029 la
1325 1975 1660 2045 Compafiia‚
1701 1992 1804 2045 por
1839 1990 2015 2044 poner
2050 1972 2259 2038 azivar,

203 2073 538 2143 comiencan
577 2074 821 2144 algunas
848 2080 1053 2144 gentes
1092 2077 1125 2127 a
1165 2090 1407 2128 renouar
1434 2072 1566 2142 algo
1594 2073 1667 2128 de
1692 2071 1748 2125 lo
1775 2089 1886 2140 que
1914 2079 2066 2124 otras
2093 2087 2260 2125 vezes

204 2189 279 2225 an
315 2170 632 2236 intentadO,
663 2170 735 2224 de
768 2188 947 2240 poner
976 2170 1124 2224 mala
1151 2187 1256 2222 voz
1285 2174 1318 2222 a
1355 2169 1411 2222 la
1445 2154 1777 2223 dotrina-de
1810 2169 1899 2221 los
1931 2165 2258 2236 exercicios,

201 2260 586 2338 scrupularido
615 2286 688 2322 en
717 2268 954 2320 muchas
986 2275 1176 2336 partes
1204 2284 1241 2336 y
1274 2266 1506 2336 lugares
1539 2265 1612 2321 de
1645 2265 1805 2330 ellos,
1845 2282 2010 2318 como
2051 2264 2123 2318 de
2158 2263 2263 2315 do·-

204 2363 351 2418 trina
376 2364 450 2418 de
477 2364 840 2419 alumbrados
868 2382 905 2433 y
931 2381 1006 2417 no
1034 2362 1331 2417 catholica.

315 2461 496 2515 Como
531 2459 702 2514 scriui
738 2465 771 2514 a
807 2461 909 2515 VS.
954 2461 1079 2528 Rs.,
1111 2458 1366 2531 Rodrigo
1404 2477 1495 2514 me
1531 2463 1700 2530 ynsto
1735 2477 1872 2529 para
1908 2475 2020 2527 que
2047 2456 2263 2511 viniese

202 2560 335 2626 aqui
362 2574 471 2611 con
505 2557 559 2611 el
593 2575 731 2627 para
758 2558 861 2611 dar
893 2557 1072 2612 orden
1099 2574 1171 2610 en
1207 2556 1450 2628 algunas
1485 2573 1647 2610 cosas
1674 2573 1786 2625 que
1821 2556 2066 2608 tocaban
2093 2558 2125 2607 a
2165 2571 2263 2607 sus

202 2670 443 2734 suegros
479 2655 497 2681 ³
536 2673 574 2724 y
608 2655 662 2708 al
695 2653 828 2708 bien
863 2653 1093 2724 publico
1136 2655 1207 2707 de
1236 2655 1494 2724 AragOn,
1543 2658 1577 2707 a
1610 2653 1799 2707 donde
1833 2651 1998 2705 dizen
2034 2668 2133 2720 por
2162 2655 2261 2703 aea

203 2767 316 2818 que
333 2768 446 2804 van
482 2769 584 2821 por
618 2750 871 2821 virreyes
899 2751 939 2804 ⁴.
971 2752 1023 2804 Y
1051 2759 1213 2805 antes
1250 2768 1362 2820 que
1398 2749 1642 2820 partiese
1670 2751 1742 2805 de
1783 2746 2126 2817 Valladolid‚
2170 2764 2261 2800 me

200 2846 329 2899 ablo
356 2847 408 2902 el
429 2850 693 2918 marques
713 2847 785 2902 de
814 2849 1035 2902 Tavara
1064 2849 1111 2912 ⁵,
1144 2846 1598 2901 aduirtiendome
1623 2848 1832 2900 mucho
1860 2845 1987 2916 (con
2024 2844 2076 2897 el
2103 2860 2260 2895 amor

202 2960 313 3012 que
340 2960 446 2996 nos
474 2942 627 2999 tiene
652 2962 687 3013 y
717 2961 826 2998 con
853 2944 1030 3014 aigun
1059 2943 1260 3014 temor)
1289 2961 1401 3014 que
1428 2943 1756 2998 mirasemos
1791 2961 1857 3011 sy
1884 2959 1956 2995 en
1984 2940 2068 2993 los
2094 2957 2257 2992 exer—

198 3037 371 3107 cicios
400 3039 530 3110 (que
556 3048 755 3094 contra
781 3041 921 3096 ellos
947 3058 1010 3096 es
1038 3041 1172 3095 toda
1198 3041 1252 3095 la
1278 3040 1505 3111 guerra)
1534 3044 1660 3093 avia
1687 3040 1818 3109 algo
1846 3054 1956 3106 que
1992 3053 2066 3089 no
2098 3035 2258 3089 fuese

293 3160 304 3184 ¹
372 3158 444 3201 Ex
478 3158 814 3217 authographo
851 3158 902 3203 in
928 3161 1032 3204 vol.
1069 3160 1134 3214 D,
1165 3159 1348 3218 duplici
1378 3158 1519 3217 folio,
1549 3175 1602 3203 n.
1646 3170 1718 3214 10,
1750 3157 1881 3216 prius
1911 3154 2025 3212 373,
2064 3152 2168 3210 374.
2201 3151 2256 3194 In

198 3245 347 3290 opere
369 3231 579 3289 NADAL,
603 3233 767 3290 Epist.
791 3239 827 3277 t.
851 3244 886 3291 1,
909 3247 1020 3292 pag.
1046 3244 1243 3290 212-215
1265 3233 1410 3278 aliam
1433 3233 1676 3278 edidimus
1701 3231 1893 3277 Araozii
1918 3230 2174 3289 epistolam
2197 3227 2256 3270 ad

198 3305 299 3350 ΡΡ.
331 3305 484 3350 Nadal
509 3312 560 3350 et
581 3306 827 3364 Borgiam‚
851 3306 902 3352 in
930 3322 1026 3367 qua
1059 3309 1293 3353 nonnulla
1322 3307 1604 3353 delibantur
1635 3307 1696 3352 de
1731 3305 2073 3351 exercitiorum
2106 3302 2258 3360 impu-

193 3380 450 3438 gnatione.
481 3379 581 3424 Sed
602 3381 717 3439 quia
738 3381 833 3426 alia
854 3395 1053 3440 prorsus
1076 3388 1153 3427 est
1174 3383 1400 3441 epistola,
1425 3389 1476 3426 et
1498 3396 1730 3441 praesens
1755 3381 1905 3424 multo
1935 3379 2017 3424 illa
2046 3378 2259 3435 locuple-

196 3453 306 3510 tior,
330 3455 451 3499 haec
475 3454 800 3513 praetermitti
822 3456 955 3500 nullo
977 3456 1121 3501 modo
1152 3463 1334 3516 potest.

285 3531 300 3556 ¹
363 3528 618 3587 Philippus
641 3529 688 3572 ΙΙ
709 3535 762 3573 et
781 3529 1051 3587 Ruigomes
1072 3530 1135 3576 de
1157 3530 1310 3576 Silva.

284 3604 302 3628 ³
365 3602 580 3648 Didacus
604 3602 826 3648 Hurtado
847 3602 910 3648 de
935 3604 1172 3650 Mendoza
1193 3612 1243 3650 et
1265 3604 1530 3652 Catharina
1559 3605 1621 3649 de
1652 3604 1804 3660 Silva,
1823 3601 2030 3647 comites
2068 3600 2130 3645 de
2156 3600 2257 3644 Me-

195 3676 301 3721 lito.

284 3753 302 3778 ⁴
365 3750 510 3795 Anno
533 3750 761 3810 sequenti
783 3750 1122 3808 magistratum
1146 3752 1384 3797 inierunt.

286 3827 304 3852 ⁵
366 3824 696 3870 Bernardinus
715 3824 981 3870 Pimentel.
