2638 4334
448 320 537 378 4²⁶
1067 318 1366 365 EPISTOLAE
1396 316 1754 372 Manu—646

390 445 485 502 noi
514 463 613 518 per
638 444 679 500 li
706 444 925 517 peccati
946 444 1172 518 grandi,
1201 454 1259 501 et
1286 445 1493 517 perche
1520 453 1635 499 n'on
1665 444 1944 500 uoleuano
1971 443 2174 499 ubidir'
2211 444 2266 499 al
2297 461 2428 516 pre-

387 541 649 608 dicator',
696 542 830 612 qual
862 541 975 598 mai
1012 543 1121 598 tale
1156 542 1343 599 hebbe
1378 548 1579 612 questa
1622 539 1780 607 isola3
1810 558 1904 595 ma
1936 557 1999 611 se
2031 539 2152 594 loro
2173 558 2428 597 uoranno

388 636 620 704 ubidir',
648 639 757 693 che
783 638 837 694 la
882 637 1122 695 liberata
1148 638 1280 692 dall'
1320 635 1552 703 infideli;
1589 653 1680 690 ma
1714 637 1820 691 che
1853 635 1909 690 io
1937 636 2153 692 facesse
2180 636 2280 690 far'
2313 653 2425 693 una

388 735 531 789 altra
556 732 937 805 processione,
968 742 1027 791 et
1053 736 1179 789 ehe’
1210 732 1264 788 io
1292 741 1547 805 portasse
1580 730 1619 786 il
1656 730 1979 788 santissimo
2013 740 2367 789 sacramento
2391 749 2424 788 a

386 846 556 886 cerco
581 847 615 885 a
641 846 810 885 cerco
833 830 888 887 18
914 828 1192 902 muraglie
1212 830 1357 884 della
1381 837 1548 896 terre,
1574 829 1779 899 perche
1801 836 1959 883 tanto
1979 836 2192 898 quanto
2217 826 2424 883 circui-

385 928 448 982 τᾶ
474 926 548 982 Ν.
580 926 668 993 S.,
709 926 789 998 gl'
828 924 1056 982 insedeli
1092 943 1206 980 non
1233 942 1295 980 se
1323 934 1602 996 potranno
1628 923 1952 991 accostarsi3
1983 932 2040 980 et
2066 923 2207 978 altre
2232 924 2426 981 buone

386 1039 539 1080 cose.
570 1019 666 1079 Gli
712 1021 869 1079 dissi:
920 1031 977 1079 et
1011 1022 1218 1093 perche
1262 1039 1378 1075 non
1413 1038 1603 1077 uenne
1639 1029 1833 1092 presto
1867 1037 1901 1074 a
1934 1018 2340 1076 manifestarmi
2372 1019 2426 1074 1ᾶ

385 1135 538 1174 cosa.
589 1118 677 1174 Fu
722 1116 937 1190 ripresa
982 1134 1090 1173 con
1137 1116 1446 1186 menaccie,
1477 1126 1535 1172 et
1569 1115 1625 1172 io
1670 1117 1930 1172 conferse
1975 1115 2064 1171 cio
2097 1133 2205 1171 con
2239 1115 2427 1171 alcuni

388 1212 690 1283 sacerdoti,
721 1222 781 1270 et
806 1230 1046 1285 persone
1073 1213 1287 1280 diuote‚
1318 1222 1376 1268 et
1397 1214 1454 1268 fo
1474 1212 1732 1268 ordinata
1751 1214 1806 1268 la
1824 1212 2184 1285 processione
2203 1211 2282 1267 dil
2301 1230 2426 1267 cor-

385 1328 494 1381 pus
522 1309 773 1377 Domini,
804 1327 919 1366 non
946 1309 1043 1382 gia
1070 1328 1168 1381 per
1195 1312 1432 1381 prestar’
1459 1310 1584 1366 fede
1611 1328 1644 1365 a
1675 1308 1894 1364 uisione
1914 1327 2028 1363 non
2057 1318 2222 1379 posta
2247 1325 2425 1364 auan-

387 1405 427 1460 ti
455 1424 488 1462 a
515 1405 610 1462 noi
636 1406 786 1462 dalla
819 1415 982 1461 santa
1010 1406 1202 1461 madre
1227 1405 1459 1472 chiesia,
1490 1423 1583 1461 ma
1603 1424 1701 1477 per
1729 1406 1831 1461 far'
1860 1406 2062 1461 honor’
2090 1406 2143 1460 al
2171 1406 2244 1461 N.
2276 1406 2338 1463 S.
2368 1415 2427 1461 et

387 1501 592 1558 imitar'
628 1521 662 1558 a
687 1511 852 1558 santa
899 1502 1103 1560 Chiara
1149 1511 1206 1558 et
1240 1501 1365 1557 altri
1410 1501 1615 1569 diuoti,
1647 1505 1697 1557 c'
1727 1504 1920 1558 hanno
1946 1511 2109 1574 posto
2134 1501 2193 1556 in
2219 1502 2360 1574 fuga
2385 1501 2423 1556 li

336 1610 346 1620 ·
384 1597 592 1656 nemici
618 1597 745 1655 suoi
779 1599 868 1654 801
904 1597 1227 1654 santissimo
1260 1607 1633 1667 sacrament03
1671 1598 1984 1653 ordinando
2016 1600 2122 1654 che
2155 1598 2425 1653 ciascuno

384 1696 439 1751 lo
466 1704 723 1768 portasse
757 1714 857 1767 per
877 1713 938 1751 se
971 1696 1173 1750 dentro
1199 1696 1293 1750 dal
1319 1704 1476 1767 petto
1502 1713 1627 1762 suo,
1658 1696 2038 1762 comunicat0‚
2067 1705 2125 1751 et
2145 1698 2251 1751 che
2276 1704 2422 1752 stes·

385 1808 512 1847 sero
540 1790 674 1847 tutti
701 1790 759 1846 in
788 1784 906 1846 uno
944 1808 1119 1863 corpo
1158 1791 1214 1846 di
1250 1792 1349 1846 Χ.ο
1387 1791 1446 1846 in
1481 1791 1715 1848 charita.
1758 1792 1918 1848 Molti
1952 1794 2271 1848 credeuano
2315 1792 2424 1847 alla

387 1886 624 1954 uisione,
655 1898 714 1945 et
738 1886 779 1942 il
812 1886 1044 1959 signore
1079 1897 1460 1959 gouernatore
1493 1887 1817 1960 piangendo
1852 1888 1927 1944 mi
1964 1898 2170 1944 teneua
2204 1896 2263 1943 et
2288 1889 2424 1944 bac-

384 1983 611 2040 ciommi
636 1984 692 2040 la
717 2002 907 2051 man0,
937 1983 995 2038 di
1022 1992 1180 2039 tanta
1206 1984 1390 2056 gratia
1417 1988 1474 2039 n'
1504 1986 1579 2040 ha
1607 1986 1749 2041 fatto
1769 1986 1842 2041 N.
1875 1986 1937 2042 S.
1969 1993 2029 2040 et
2053 1986 2170 2041 cosi
2191 1984 2238 2040 si
2257 1985 2424 2041 lauda

383 2081 438 2136 al
464 2088 751 2153 presente,
781 2097 893 2151 qua
912 2089 971 2136 et
996 2099 1096 2152 per
1121 2082 1160 2135 l'
1190 2081 1349 2150 isola,
1380 2083 1588 2153 perche
1615 2082 1935 2154 insegnono
1954 2083 2101 2137 80110
2119 2082 2420 2155 essempiO,

378 2187 438 2234 et
462 2194 572 2232 con
599 2177 653 2233 18
686 2178 897 2248 parole.
938 2179 1011 2232 N.
1062 2178 1122 2235 S.
1163 2176 1447 2235 rimunera
1480 2187 1684 2249 questo
1716 2180 2005 2251 Draguth,
2053 2178 2358 2234 donandoli
2384 2178 2422 2234 il

380 2274 535 2330 lume
561 2273 710 2331 della
737 2274 884 2340 fede,
915 2276 1022 2329 che
1042 2273 1254 2330 ritorna
1279 2275 1388 2330 alla
1413 2274 1725 2347 cognition’
1755 2276 1848 2331 del
1869 2293 1975 2331 suo
2000 2276 2304 2331 redentor'.

490 2371 571 2426 M.
606 2370 941 2426 Emmanuel
987 2389 1100 2425 non
1129 2388 1328 2427 manca
1362 2372 1514 2428 nella
1547 2370 1717 2427 uisita
1742 2372 1800 2426 di
1828 2372 1931 2427 far'
1961 2371 2000 2426 il
2026 2371 2227 2428 simile.
2259 2370 2420 2427 Tutti

375 2466 616 2522 siammo
642 2465 805 2521 sanni
833 2484 933 2538 per
960 2467 1145 2539 gratia
1172 2467 1250 2522 dil
1271 2467 1516 2540 Signore
1543 2477 1600 2525 et
1627 2468 1868 2524 orationi
1894 2468 1952 2523 di
1979 2470 2052 2525 V.
2093 2470 2161 2524 R.
2193 2477 2251 2526 et
2287 2468 2419 2526 delli

375 2561 553 2618 buoni
582 2562 755 2619 Padri
780 2571 839 2619 et
867 2564 1069 2620 fratelli
1099 2564 1297 2621 nostri.
1332 2567 1465 2636 Qua
1491 2565 1539 2621 si
1565 2569 1717 2622 stara
1742 2564 1965 2638 sempre
1985 2566 2045 2621 in
2063 2575 2339 2638 sospett0,
2362 2574 2420 2622 et

375 2658 660 2732 trauaglii,
691 2657 876 2715 insino
902 2662 1009 2717 che
1035 2662 1072 2715 l'
1097 2670 1313 2717 armata
1334 2665 1458 2718 sara
1478 2662 1774 2729 ritornata‚
1801 2672 1859 2719 et
1879 2681 1994 2718 non
2014 2662 2063 2718 si
2083 2665 2197 2734 puo
2219 2661 2416 2735 fugir',

373 2756 552 2812 sendo
572 2754 668 2811 noi
692 2754 878 2811 isolati
905 2765 964 2812 et
982 2757 1035 2813 18
1051 2758 1202 2814 fuste
1225 2776 1414 2813 uanno
1434 2758 1889 2831 campeggiando
1910 2777 2010 2831 per
2030 2769 2233 2831 questo
2253 2761 2414 2814 mar'.

374 2853 430 2908 O
466 2851 734 2925 Signore,
770 2850 971 2907 diamsi
1027 2854 1210 2925 gratia
1256 2857 1347 2909 ch'
1397 2854 1450 2910 io
1499 2855 1648 2911 uado
1686 2854 1746 2911 in
1784 2855 2007 2911 turchia
2039 2874 2073 2911 a
2106 2854 2414 2911 couertirli.

375 2950 569 3021 Prego
595 2949 708 3005 ben
735 2948 805 3004 V.
854 2950 947 3015 R.,
991 2968 1052 3004 se
1081 2950 1153 3007 lei
1189 2951 1235 3006 si
1270 2960 1541 3007 contenta
1586 2953 1678 3007 ch'
1717 2951 1771 3007 io
1806 2951 1914 3008 stia
1949 2953 2119 3019 forte,
2158 2950 2316 3008 accio
2341 2950 2416 3006 mi

368 3044 683 3116 prendeno,
713 3045 821 3102 che
867 3044 939 3102 lei
974 3048 1085 3101 mel
1130 3048 1487 3116 commanda,
1530 3049 1636 3103 che
1668 3049 1722 3104 la
1755 3048 1831 3103 mi
1878 3050 1995 3106 fara
2040 3047 2418 3122 grandissima

367 3140 573 3213 gratia,
603 3142 686 3198 sel
712 3142 784 3199 lei
832 3142 1063 3215 giudica
1108 3149 1283 3201 esser’
1326 3147 1605 3220 maggior'
1645 3147 1881 3205 seruitio
1925 3145 1982 3202 di
2027 3164 2131 3202 sua
2177 3146 2413 3212 maesta,

368 3238 579 3308 perche
604 3255 721 3294 non
740 3256 883 3294 sono
910 3238 1224 3297 illuminato
1252 3261 1461 3299 ancora
1482 3262 1580 3316 per
1607 3244 1644 3299 li
1674 3244 1805 3301 miei
1826 3243 2044 3317 peccati
2064 3243 2156 3299 dal
2177 3243 2249 3298 N.
2276 3242 2339 3299 S.

476 3333 640 3389 Forzi
666 3336 775 3392 che
798 3334 847 3390 si
875 3336 1108 3391 faranno
1135 3354 1242 3393 con
1272 3348 1462 3411 tempo
1486 3340 1755 3413 colleggii
1786 3341 1933 3396 della
1953 3339 2309 3412 Compagnia
2346 3339 2406 3395 in

369 3428 644 3499 Turchia,
661 3447 843 3498 come,
869 3449 1075 3487 ancora
1098 3451 1209 3503 qua
1224 3434 1360 3506 ogni
1381 3436 1438 3489 di
1458 3435 1555 3507 pisi
1577 3453 1639 3491 se
1650 3436 1909 3494 desidera
1930 3438 1983 3492 la
2005 3437 2261 3509 predetta
2283 3454 2415 3509 gra-

361 3523 457 3581 tia:
489 3543 590 3597 per
614 3535 784 3585 cento
810 3526 982 3583 millia
1009 3537 1066 3584 et
1104 3528 1323 3587 infinite
1351 3532 1505 3588 uolte
1532 3532 1586 3587 la
1620 3532 1887 3588 dimando
1914 3551 1947 3589 a
1968 3534 2039 3589 V.
2075 3534 2141 3589 R.
2182 3534 2264 3589 La
2291 3530 2408 3588 M.⁸

361 3620 587 3678 Tirama
613 3625 649 3690 ¹,
674 3622 887 3697 moglia
905 3623 985 3679 dil
1008 3635 1205 3680 nostro
1227 3626 1469 3698 hospite,
1496 3630 1573 3685 M.
1601 3628 1734 3685 Gio:
1760 3629 1950 3695 Natal,
1969 3630 2042 3685 ha
2062 3630 2222 3686 detto
2242 3629 2294 3683 al
2316 3646 2421 3685 suo

449 3831 460 3857 ¹
529 3830 604 3876 De
626 3831 717 3878 hac
739 3830 821 3891 pia
843 3829 1028 3878 femina
1047 3833 1288 3879 habentur
1308 3835 1457 3880 multa
1475 3834 1532 3881 in
1544 3834 1820 3894 PoLANco,
1839 3838 1874 3883 1.
1893 3852 1956 3894 c.,
1979 3850 2092 3896 pag.
2116 3834 2220 3896 103,
2244 3851 2295 3882 n.
2318 3845 2407 3895 190
