<?xml version="1.0" encoding="UTF-8"?>
<!DOCTYPE html PUBLIC "-//W3C//DTD XHTML 1.0 Transitional//EN"
    "http://www.w3.org/TR/xhtml1/DTD/xhtml1-transitional.dtd">
<html xmlns="http://www.w3.org/1999/xhtml" xml:lang="en" lang="en">
 <head>
  <title>
</title>
<meta http-equiv="Content-Type" content="text/html;charset=utf-8" />
  <meta name='ocr-system' content='tesseract 3.04.00' />
  <meta name='ocr-capabilities' content='ocr_page ocr_carea ocr_par ocr_line ocrx_word'/>
</head>
<body>
  <div class='ocr_page' id='page_1' title='image "./epistolaemixtaee03matruoft_0124.png"; bbox 0 0 2638 4334; ppageno 0'>
   <div class='ocr_carea' id='block_1_1' title="bbox 471 317 1784 378">
    <p class='ocr_par' dir='ltr' id='par_1_1' title="bbox 471 287 1784 378">
     <span class='ocr_line' id='line_1_1' title="bbox 471 317 1784 378; baseline -0.005 -6"><span class='ocrx_word' id='word_1_1' title='bbox 471 338 489 372; x_wconf 89' lang='lat'>1</span> <span class='ocrx_word' id='word_1_2' title='bbox 502 328 553 372; x_wconf 81' lang='lat'>18</span> <span class='ocrx_word' id='word_1_3' title='bbox 1091 326 1388 371; x_wconf 67' lang='lat' dir='ltr'>Ems‘rotu</span> <span class='ocrx_word' id='word_1_4' title='bbox 1419 317 1784 378; x_wconf 67' lang='lat' dir='ltr'>Manu—533</span> 
     </span>
    </p>
   </div>
   <div class='ocr_carea' id='block_1_2' title="bbox 411 445 2461 3026">
    <p class='ocr_par' dir='ltr' id='par_1_2' title="bbox 411 445 2459 1385">
     <span class='ocr_line' id='line_1_2' title="bbox 411 445 2452 520; baseline -0.002 -11"><span class='ocrx_word' id='word_1_5' title='bbox 411 454 586 509; x_wconf 89' lang='lat' dir='ltr'>molte</span> <span class='ocrx_word' id='word_1_6' title='bbox 614 462 783 520; x_wconf 86' lang='lat' dir='ltr'>terre,</span> <span class='ocrx_word' id='word_1_7' title='bbox 813 460 872 509; x_wconf 91' lang='lat' dir='ltr'>et</span> <span class='ocrx_word' id='word_1_8' title='bbox 900 452 1038 508; x_wconf 80' lang='lat' dir='ltr'>fatte</span> <span class='ocrx_word' id='word_1_9' title='bbox 1064 469 1233 507; x_wconf 87' lang='lat' dir='ltr'>senza</span> <span class='ocrx_word' id='word_1_10' title='bbox 1258 447 1580 516; x_wconf 87' lang='lat' dir='ltr'>habitatori,</span> <span class='ocrx_word' id='word_1_11' title='bbox 1611 447 1935 503; x_wconf 86' lang='lat' dir='ltr'>ascondono</span> <span class='ocrx_word' id='word_1_12' title='bbox 1963 447 2016 501; x_wconf 93' lang='lat' dir='ltr'>la</span> <span class='ocrx_word' id='word_1_13' title='bbox 2044 455 2204 500; x_wconf 88' lang='lat' dir='ltr'>notte</span> <span class='ocrx_word' id='word_1_14' title='bbox 2225 445 2278 500; x_wconf 88' lang='lat' dir='ltr'>le</span> <span class='ocrx_word' id='word_1_15' title='bbox 2301 446 2452 504; x_wconf 85' lang='lat' dir='ltr'>fuste</span> 
     </span>
     <span class='ocr_line' id='line_1_3' title="bbox 412 540 2454 612; baseline -0.005 -6"><span class='ocrx_word' id='word_1_16' title='bbox 412 559 470 606; x_wconf 87' lang='lat' dir='ltr'>et</span> <span class='ocrx_word' id='word_1_17' title='bbox 498 550 671 604; x_wconf 80' lang='lat' dir='ltr'>fanno</span> <span class='ocrx_word' id='word_1_18' title='bbox 697 547 991 605; x_wconf 86' lang='lat' dir='ltr'>inboscate</span> <span class='ocrx_word' id='word_1_19' title='bbox 1017 547 1076 603; x_wconf 89' lang='lat' dir='ltr'>in</span> <span class='ocrx_word' id='word_1_20' title='bbox 1102 555 1271 612; x_wconf 90' lang='lat' dir='ltr'>terra,</span> <span class='ocrx_word' id='word_1_21' title='bbox 1302 555 1360 600; x_wconf 91' lang='lat' dir='ltr'>et</span> <span class='ocrx_word' id='word_1_22' title='bbox 1385 545 1503 600; x_wconf 84' lang='lat' dir='ltr'>cosi</span> <span class='ocrx_word' id='word_1_23' title='bbox 1537 561 1827 612; x_wconf 88' lang='lat' dir='ltr'>amazano,</span> <span class='ocrx_word' id='word_1_24' title='bbox 1866 551 1924 598; x_wconf 91' lang='lat' dir='ltr'>et</span> <span class='ocrx_word' id='word_1_25' title='bbox 1959 543 2132 597; x_wconf 83' lang='lat' dir='ltr'>fanno</span> <span class='ocrx_word' id='word_1_26' title='bbox 2167 540 2387 597; x_wconf 84' lang='lat' dir='ltr'>schiaui</span> <span class='ocrx_word' id='word_1_27' title='bbox 2413 540 2454 596; x_wconf 90' lang='lat' dir='ltr'>li</span> 
     </span>
     <span class='ocr_line' id='line_1_4' title="bbox 411 636 2452 711; baseline -0.004 -11"><span class='ocrx_word' id='word_1_28' title='bbox 411 643 722 711; x_wconf 86' lang='lat' dir='ltr'>christiani,</span> <span class='ocrx_word' id='word_1_29' title='bbox 752 642 799 699; x_wconf 82' lang='lat' dir='ltr'>si</span> <span class='ocrx_word' id='word_1_30' title='bbox 829 652 1067 700; x_wconf 85' lang='lat' dir='ltr'>uestono</span> <span class='ocrx_word' id='word_1_31' title='bbox 1094 644 1200 699; x_wconf 89' lang='lat' dir='ltr'>alle</span> <span class='ocrx_word' id='word_1_32' title='bbox 1226 643 1360 697; x_wconf 88' lang='lat' dir='ltr'>fiate</span> <span class='ocrx_word' id='word_1_33' title='bbox 1387 642 1496 696; x_wconf 91' lang='lat' dir='ltr'>alla</span> <span class='ocrx_word' id='word_1_34' title='bbox 1522 657 1801 706; x_wconf 84' lang='lat' dir='ltr'>corsesca,</span> <span class='ocrx_word' id='word_1_35' title='bbox 1837 648 1895 695; x_wconf 89' lang='lat' dir='ltr'>et</span> <span class='ocrx_word' id='word_1_36' title='bbox 1930 656 2118 695; x_wconf 88' lang='lat' dir='ltr'>uanno</span> <span class='ocrx_word' id='word_1_37' title='bbox 2152 637 2209 692; x_wconf 89' lang='lat' dir='ltr'>di</span> <span class='ocrx_word' id='word_1_38' title='bbox 2248 636 2452 708; x_wconf 87' lang='lat' dir='ltr'>giorno</span> 
     </span>
     <span class='ocr_line' id='line_1_5' title="bbox 414 735 2450 814; baseline -0.004 -16"><span class='ocrx_word' id='word_1_39' title='bbox 414 759 514 814; x_wconf 85' lang='lat' dir='ltr'>per</span> <span class='ocrx_word' id='word_1_40' title='bbox 545 741 600 795; x_wconf 94' lang='grc'>13</span> <span class='ocrx_word' id='word_1_41' title='bbox 633 739 866 796; x_wconf 88' lang='lat' dir='ltr'>Corsica</span> <span class='ocrx_word' id='word_1_42' title='bbox 898 739 1258 811; x_wconf 82' lang='lat' dir='ltr'>esplorandO,</span> <span class='ocrx_word' id='word_1_43' title='bbox 1294 747 1353 795; x_wconf 91' lang='lat' dir='ltr'>et</span> <span class='ocrx_word' id='word_1_44' title='bbox 1398 736 1491 809; x_wconf 90' lang='lat' dir='ltr'>poi</span> <span class='ocrx_word' id='word_1_45' title='bbox 1535 737 1590 792; x_wconf 89' lang='lat' dir='ltr'>la</span> <span class='ocrx_word' id='word_1_46' title='bbox 1624 745 1787 792; x_wconf 87' lang='lat' dir='ltr'>notte</span> <span class='ocrx_word' id='word_1_47' title='bbox 1823 752 2091 807; x_wconf 87' lang='lat' dir='ltr'>uengono</span> <span class='ocrx_word' id='word_1_48' title='bbox 2132 735 2185 791; x_wconf 91' lang='lat' dir='ltr'>le</span> <span class='ocrx_word' id='word_1_49' title='bbox 2225 735 2377 791; x_wconf 85' lang='lat' dir='ltr'>fuste</span> <span class='ocrx_word' id='word_1_50' title='bbox 2415 752 2450 789; x_wconf 92' lang='lat' dir='ltr'>a</span> 
     </span>
     <span class='ocr_line' id='line_1_6' title="bbox 415 828 2452 908; baseline -0.003 -17"><span class='ocrx_word' id='word_1_51' title='bbox 415 846 582 903; x_wconf 90' lang='lat' dir='ltr'>terra,</span> <span class='ocrx_word' id='word_1_52' title='bbox 632 844 689 893; x_wconf 91' lang='lat' dir='ltr'>et</span> <span class='ocrx_word' id='word_1_53' title='bbox 733 836 1028 908; x_wconf 89' lang='lat' dir='ltr'>prendono</span> <span class='ocrx_word' id='word_1_54' title='bbox 1074 833 1328 890; x_wconf 90' lang='lat' dir='ltr'>huomini</span> <span class='ocrx_word' id='word_1_55' title='bbox 1380 843 1439 890; x_wconf 89' lang='lat' dir='ltr'>et</span> <span class='ocrx_word' id='word_1_56' title='bbox 1490 833 1699 901; x_wconf 86' lang='lat' dir='ltr'>donne,</span> <span class='ocrx_word' id='word_1_57' title='bbox 1749 831 1953 904; x_wconf 88' lang='lat' dir='ltr'>grandi</span> <span class='ocrx_word' id='word_1_58' title='bbox 1987 841 2045 885; x_wconf 90' lang='lat' dir='ltr'>et</span> <span class='ocrx_word' id='word_1_59' title='bbox 2080 830 2299 903; x_wconf 88' lang='lat' dir='ltr'>piccoli.</span> <span class='ocrx_word' id='word_1_60' title='bbox 2345 828 2452 886; x_wconf 78' lang='lat' dir='ltr'>Piu</span> 
     </span>
     <span class='ocr_line' id='line_1_7' title="bbox 415 926 2449 1000; baseline -0.003 -13"><span class='ocrx_word' id='word_1_61' title='bbox 415 931 474 987; x_wconf 90' lang='lat' dir='ltr'>di</span> <span class='ocrx_word' id='word_1_62' title='bbox 518 934 598 1000; x_wconf 85' lang='lat'>4.⁰</span> <span class='ocrx_word' id='word_1_63' title='bbox 645 930 819 987; x_wconf 91' lang='lat' dir='ltr'>millia</span> <span class='ocrx_word' id='word_1_64' title='bbox 863 930 1081 987; x_wconf 88' lang='lat' dir='ltr'>schiaui</span> <span class='ocrx_word' id='word_1_65' title='bbox 1120 948 1263 986; x_wconf 88' lang='lat' dir='ltr'>sono</span> <span class='ocrx_word' id='word_1_66' title='bbox 1293 929 1353 984; x_wconf 90' lang='lat' dir='ltr'>in</span> <span class='ocrx_word' id='word_1_67' title='bbox 1386 928 1538 984; x_wconf 89' lang='lat' dir='ltr'>mani</span> <span class='ocrx_word' id='word_1_68' title='bbox 1572 928 1630 983; x_wconf 84' lang='lat' dir='ltr'>di</span> <span class='ocrx_word' id='word_1_69' title='bbox 1673 926 1878 994; x_wconf 89' lang='lat' dir='ltr'>turchi,</span> <span class='ocrx_word' id='word_1_70' title='bbox 1916 936 1974 983; x_wconf 89' lang='lat' dir='ltr'>et</span> <span class='ocrx_word' id='word_1_71' title='bbox 2015 926 2062 982; x_wconf 83' lang='lat' dir='ltr'>si</span> <span class='ocrx_word' id='word_1_72' title='bbox 2097 937 2265 993; x_wconf 89' lang='lat' dir='ltr'>teme,</span> <span class='ocrx_word' id='word_1_73' title='bbox 2303 928 2449 981; x_wconf 87' lang='lat' dir='ltr'>com&#39;</span> 
     </span>
     <span class='ocr_line' id='line_1_8' title="bbox 416 1022 2454 1095; baseline -0.003 -12"><span class='ocrx_word' id='word_1_74' title='bbox 416 1027 603 1084; x_wconf 90' lang='lat' dir='ltr'>alcuni</span> <span class='ocrx_word' id='word_1_75' title='bbox 636 1027 781 1083; x_wconf 84' lang='lat' dir='ltr'>corsi</span> <span class='ocrx_word' id='word_1_76' title='bbox 828 1030 1078 1083; x_wconf 85' lang='lat' dir='ltr'>anchora</span> <span class='ocrx_word' id='word_1_77' title='bbox 1110 1028 1301 1081; x_wconf 90' lang='lat' dir='ltr'>hanno</span> <span class='ocrx_word' id='word_1_78' title='bbox 1336 1024 1533 1080; x_wconf 88' lang='lat' dir='ltr'>scritto</span> <span class='ocrx_word' id='word_1_79' title='bbox 1567 1024 1662 1079; x_wconf 89' lang='lat' dir='ltr'>dal</span> <span class='ocrx_word' id='word_1_80' title='bbox 1695 1041 1895 1095; x_wconf 90' lang='lat' dir='ltr'>campo</span> <span class='ocrx_word' id='word_1_81' title='bbox 1928 1022 1986 1078; x_wconf 91' lang='lat' dir='ltr'>di</span> <span class='ocrx_word' id='word_1_82' title='bbox 2022 1042 2103 1088; x_wconf 88' lang='lat' dir='ltr'>re,</span> <span class='ocrx_word' id='word_1_83' title='bbox 2142 1024 2272 1080; x_wconf 88' lang='lat' dir='ltr'>chel</span> <span class='ocrx_word' id='word_1_84' title='bbox 2306 1025 2454 1079; x_wconf 90' lang='lat' dir='ltr'>Dra-</span> 
     </span>
     <span class='ocr_line' id='line_1_9' title="bbox 417 1118 2454 1196; baseline -0.003 -17"><span class='ocrx_word' id='word_1_85' title='bbox 417 1125 565 1196; x_wconf 87' lang='lat' dir='ltr'>guth</span> <span class='ocrx_word' id='word_1_86' title='bbox 590 1125 665 1179; x_wconf 91' lang='lat' dir='ltr'>ha</span> <span class='ocrx_word' id='word_1_87' title='bbox 690 1123 763 1179; x_wconf 90' lang='lat' dir='ltr'>da</span> <span class='ocrx_word' id='word_1_88' title='bbox 789 1122 986 1181; x_wconf 87' lang='lat' dir='ltr'>uenire</span> <span class='ocrx_word' id='word_1_89' title='bbox 1014 1122 1072 1177; x_wconf 91' lang='lat' dir='ltr'>in</span> <span class='ocrx_word' id='word_1_90' title='bbox 1099 1130 1297 1194; x_wconf 87' lang='lat' dir='ltr'><strong>queste</strong></span> <span class='ocrx_word' id='word_1_91' title='bbox 1324 1120 1469 1192; x_wconf 91' lang='lat' dir='ltr'>parti</span> <span class='ocrx_word' id='word_1_92' title='bbox 1496 1138 1596 1191; x_wconf 90' lang='lat' dir='ltr'>per</span> <span class='ocrx_word' id='word_1_93' title='bbox 1624 1118 1844 1175; x_wconf 89' lang='lat' dir='ltr'>roinare</span> <span class='ocrx_word' id='word_1_94' title='bbox 1871 1137 1971 1191; x_wconf 89' lang='lat' dir='ltr'>per</span> <span class='ocrx_word' id='word_1_95' title='bbox 2001 1119 2289 1186; x_wconf 85' lang='lat' dir='ltr'>uendetta,</span> <span class='ocrx_word' id='word_1_96' title='bbox 2326 1137 2454 1190; x_wconf 50' lang='lat' dir='ltr'>per»</span> 
     </span>
     <span class='ocr_line' id='line_1_10' title="bbox 418 1213 2459 1291; baseline -0.003 -16"><span class='ocrx_word' id='word_1_97' title='bbox 418 1221 528 1276; x_wconf 77' lang='lat' dir='ltr'>che</span> <span class='ocrx_word' id='word_1_98' title='bbox 562 1219 624 1275; x_wconf 85' lang='lat' dir='ltr'>fu</span> <span class='ocrx_word' id='word_1_99' title='bbox 660 1237 826 1291; x_wconf 88' lang='lat' dir='ltr'>preso</span> <span class='ocrx_word' id='word_1_100' title='bbox 859 1218 939 1274; x_wconf 93' lang='lat' dir='ltr'>lui</span> <span class='ocrx_word' id='word_1_101' title='bbox 976 1217 1131 1290; x_wconf 90' lang='lat' dir='ltr'>quiui</span> <span class='ocrx_word' id='word_1_102' title='bbox 1169 1218 1260 1273; x_wconf 90' lang='lat' dir='ltr'>dal</span> <span class='ocrx_word' id='word_1_103' title='bbox 1294 1219 1416 1275; x_wconf 83' lang='lat' dir='ltr'>S.0r</span> <span class='ocrx_word' id='word_1_104' title='bbox 1454 1213 1788 1272; x_wconf 88' lang='lat' dir='ltr'>Gianettino</span> <span class='ocrx_word' id='word_1_105' title='bbox 1821 1216 1877 1269; x_wconf 88' lang='lat' dir='ltr'>d’</span> <span class='ocrx_word' id='word_1_106' title='bbox 1915 1214 2055 1271; x_wconf 90' lang='lat' dir='ltr'>Oria</span> <span class='ocrx_word' id='word_1_107' title='bbox 2095 1217 2129 1269; x_wconf 91' lang='lat'>¹.</span> <span class='ocrx_word' id='word_1_108' title='bbox 2170 1216 2213 1270; x_wconf 92' lang='lat' dir='ltr'>Il</span> <span class='ocrx_word' id='word_1_109' title='bbox 2247 1214 2459 1287; x_wconf 89' lang='lat' dir='ltr'>Signor</span> 
     </span>
     <span class='ocr_line' id='line_1_11' title="bbox 420 1310 1953 1385; baseline -0.004 -14"><span class='ocrx_word' id='word_1_110' title='bbox 420 1314 577 1372; x_wconf 79' lang='lat' dir='ltr'>Iddio</span> <span class='ocrx_word' id='word_1_111' title='bbox 605 1315 749 1371; x_wconf 85' lang='lat' dir='ltr'>facia</span> <span class='ocrx_word' id='word_1_112' title='bbox 776 1324 925 1371; x_wconf 91' lang='lat' dir='ltr'>tutto</span> <span class='ocrx_word' id='word_1_113' title='bbox 951 1315 1139 1385; x_wconf 88' lang='lat' dir='ltr'>quello</span> <span class='ocrx_word' id='word_1_114' title='bbox 1166 1316 1273 1369; x_wconf 88' lang='lat' dir='ltr'>che</span> <span class='ocrx_word' id='word_1_115' title='bbox 1299 1313 1513 1368; x_wconf 89' lang='lat' dir='ltr'>ritorna</span> <span class='ocrx_word' id='word_1_116' title='bbox 1538 1311 1596 1367; x_wconf 89' lang='lat' dir='ltr'>in</span> <span class='ocrx_word' id='word_1_117' title='bbox 1622 1329 1728 1366; x_wconf 91' lang='lat' dir='ltr'>sua</span> <span class='ocrx_word' id='word_1_118' title='bbox 1753 1310 1953 1383; x_wconf 89' lang='lat' dir='ltr'>gloria.</span> 
     </span>
    </p>

    <p class='ocr_par' dir='ltr' id='par_1_3' title="bbox 418 1406 2461 2155">
     <span class='ocr_line' id='line_1_12' title="bbox 530 1406 2457 1484; baseline -0.003 -17"><span class='ocrx_word' id='word_1_119' title='bbox 530 1411 575 1467; x_wconf 90' lang='lat'>11</span> <span class='ocrx_word' id='word_1_120' title='bbox 591 1411 788 1484; x_wconf 86' lang='lat' dir='ltr'>signor</span> <span class='ocrx_word' id='word_1_121' title='bbox 799 1410 1075 1467; x_wconf 90' lang='lat' dir='ltr'>Giacomo</span> <span class='ocrx_word' id='word_1_122' title='bbox 1094 1410 1279 1464; x_wconf 89' lang='lat' dir='ltr'>molto·</span> <span class='ocrx_word' id='word_1_123' title='bbox 1287 1406 1622 1480; x_wconf 85' lang='lat' dir='ltr'>fauoreggia</span> <span class='ocrx_word' id='word_1_124' title='bbox 1640 1407 1679 1462; x_wconf 92' lang='lat' dir='ltr'>il</span> <span class='ocrx_word' id='word_1_125' title='bbox 1691 1410 1756 1463; x_wconf 88' lang='lat' dir='ltr'>P.</span> <span class='ocrx_word' id='word_1_126' title='bbox 1779 1408 2054 1463; x_wconf 89' lang='lat' dir='ltr'>Emanuel</span> <span class='ocrx_word' id='word_1_127' title='bbox 2074 1415 2132 1462; x_wconf 88' lang='lat' dir='ltr'>et</span> <span class='ocrx_word' id='word_1_128' title='bbox 2148 1407 2202 1461; x_wconf 92' lang='lat' dir='ltr'>la</span> <span class='ocrx_word' id='word_1_129' title='bbox 2221 1407 2457 1479; x_wconf 87' lang='lat' dir='ltr'>Comp.a</span> 
     </span>
     <span class='ocr_line' id='line_1_13' title="bbox 422 1501 2457 1586; baseline -0.001 -24"><span class='ocrx_word' id='word_1_130' title='bbox 422 1525 457 1562; x_wconf 93' lang='lat' dir='ltr'>a</span> <span class='ocrx_word' id='word_1_131' title='bbox 491 1506 946 1586; x_wconf 55' lang='lat' dir='ltr'>cui-offratutto</span> <span class='ocrx_word' id='word_1_132' title='bbox 980 1524 1043 1563; x_wconf 89' lang='lat' dir='ltr'>se</span> <span class='ocrx_word' id='word_1_133' title='bbox 1077 1514 1134 1562; x_wconf 89' lang='lat' dir='ltr'>et</span> <span class='ocrx_word' id='word_1_134' title='bbox 1166 1512 1381 1576; x_wconf 92' lang='lat' dir='ltr'>quanto</span> <span class='ocrx_word' id='word_1_135' title='bbox 1413 1505 1507 1571; x_wconf 90' lang='lat' dir='ltr'>ha,</span> <span class='ocrx_word' id='word_1_136' title='bbox 1545 1511 1603 1560; x_wconf 93' lang='lat' dir='ltr'>et</span> <span class='ocrx_word' id='word_1_137' title='bbox 1637 1502 1764 1558; x_wconf 89' lang='lat' dir='ltr'>altri</span> <span class='ocrx_word' id='word_1_138' title='bbox 1795 1501 2012 1574; x_wconf 87' lang='lat' dir='ltr'>signori</span> <span class='ocrx_word' id='word_1_139' title='bbox 2045 1505 2312 1571; x_wconf 87' lang='lat' dir='ltr'>anchora,</span> <span class='ocrx_word' id='word_1_140' title='bbox 2349 1505 2457 1559; x_wconf 88' lang='lat' dir='ltr'>che</span> 
     </span>
     <span class='ocr_line' id='line_1_14' title="bbox 419 1583 2457 1671; baseline -0.002 -12"><span class='ocrx_word' id='word_1_141' title='bbox 419 1620 561 1659; x_wconf 82' lang='lat' dir='ltr'>sono</span> <span class='ocrx_word' id='word_1_142' title='bbox 587 1583 787 1659; x_wconf 86' lang='lat' dir='ltr'>uenuti</span> <span class='ocrx_word' id='word_1_143' title='bbox 814 1620 847 1657; x_wconf 92' lang='lat' dir='ltr'>a</span> <span class='ocrx_word' id='word_1_144' title='bbox 873 1602 1273 1658; x_wconf 84' lang='lat' dir='ltr'>domandame.</span> <span class='ocrx_word' id='word_1_145' title='bbox 1307 1602 1350 1655; x_wconf 94' lang='lat' dir='ltr'>Il</span> <span class='ocrx_word' id='word_1_146' title='bbox 1376 1608 1570 1655; x_wconf 89' lang='lat' dir='ltr'>nostro</span> <span class='ocrx_word' id='word_1_147' title='bbox 1603 1598 1814 1671; x_wconf 86' lang='lat' dir='ltr'>Signor</span> <span class='ocrx_word' id='word_1_148' title='bbox 1847 1617 1921 1655; x_wconf 88' lang='lat' dir='ltr'>ne</span> <span class='ocrx_word' id='word_1_149' title='bbox 1956 1598 2289 1671; x_wconf 83' lang='lat' dir='ltr'>fauoreggia</span> <span class='ocrx_word' id='word_1_150' title='bbox 2323 1600 2457 1655; x_wconf 91' lang='lat' dir='ltr'>tutti</span> 
     </span>
     <span class='ocr_line' id='line_1_15' title="bbox 420 1695 2457 1771; baseline -0.001 -17"><span class='ocrx_word' id='word_1_151' title='bbox 420 1698 479 1754; x_wconf 89' lang='lat' dir='ltr'>in</span> <span class='ocrx_word' id='word_1_152' title='bbox 509 1699 666 1755; x_wconf 84' lang='lat' dir='ltr'>farne</span> <span class='ocrx_word' id='word_1_153' title='bbox 693 1699 1022 1771; x_wconf 85' lang='lat' dir='ltr'>cognoscer&#39;</span> <span class='ocrx_word' id='word_1_154' title='bbox 1051 1698 1105 1753; x_wconf 98' lang='grc'>13</span> <span class='ocrx_word' id='word_1_155' title='bbox 1131 1716 1235 1753; x_wconf 90' lang='lat' dir='ltr'>sua</span> <span class='ocrx_word' id='word_1_156' title='bbox 1261 1695 1582 1752; x_wconf 87' lang='lat' dir='ltr'>santissima</span> <span class='ocrx_word' id='word_1_157' title='bbox 1617 1696 1847 1751; x_wconf 78' lang='lat' dir='ltr'>uolonta</span> <span class='ocrx_word' id='word_1_158' title='bbox 1874 1704 1932 1752; x_wconf 92' lang='lat' dir='ltr'>et</span> <span class='ocrx_word' id='word_1_159' title='bbox 1964 1696 2151 1767; x_wconf 87' lang='lat' dir='ltr'>quella</span> <span class='ocrx_word' id='word_1_160' title='bbox 2184 1697 2457 1768; x_wconf 86' lang='lat' dir='ltr'>perfetta-</span> 
     </span>
     <span class='ocr_line' id='line_1_16' title="bbox 419 1791 2459 1867; baseline -0.001 -17"><span class='ocrx_word' id='word_1_161' title='bbox 419 1803 610 1852; x_wconf 88' lang='lat' dir='ltr'>mente</span> <span class='ocrx_word' id='word_1_162' title='bbox 628 1793 907 1867; x_wconf 91' lang='lat' dir='ltr'>adimpir&#39;.</span> <span class='ocrx_word' id='word_1_163' title='bbox 934 1793 1107 1850; x_wconf 90' lang='lat' dir='ltr'>Tacio</span> <span class='ocrx_word' id='word_1_164' title='bbox 1127 1794 1301 1850; x_wconf 86' lang='lat' dir='ltr'>molte</span> <span class='ocrx_word' id='word_1_165' title='bbox 1320 1810 1471 1862; x_wconf 85' lang='lat' dir='ltr'>cose,</span> <span class='ocrx_word' id='word_1_166' title='bbox 1497 1793 1704 1864; x_wconf 74' lang='lat' dir='ltr'>perche</span> <span class='ocrx_word' id='word_1_167' title='bbox 1724 1809 1840 1846; x_wconf 91' lang='lat' dir='ltr'>non</span> <span class='ocrx_word' id='word_1_168' title='bbox 1859 1809 2026 1863; x_wconf 83' lang='lat' dir='ltr'>posso</span> <span class='ocrx_word' id='word_1_169' title='bbox 2046 1809 2148 1864; x_wconf 88' lang='lat' dir='ltr'>per</span> <span class='ocrx_word' id='word_1_170' title='bbox 2167 1792 2280 1848; x_wconf 92' lang='lat' dir='ltr'>mia</span> <span class='ocrx_word' id='word_1_171' title='bbox 2299 1791 2459 1848; x_wconf 87' lang='lat' dir='ltr'>infir-</span> 
     </span>
     <span class='ocr_line' id='line_1_17' title="bbox 419 1888 2459 1962; baseline -0 -15"><span class='ocrx_word' id='word_1_172' title='bbox 419 1891 560 1948; x_wconf 75' lang='lat' dir='ltr'>mita</span> <span class='ocrx_word' id='word_1_173' title='bbox 584 1890 855 1947; x_wconf 88' lang='lat' dir='ltr'>continua</span> <span class='ocrx_word' id='word_1_174' title='bbox 881 1899 940 1945; x_wconf 91' lang='lat' dir='ltr'>et</span> <span class='ocrx_word' id='word_1_175' title='bbox 967 1889 1324 1962; x_wconf 88' lang='lat' dir='ltr'>ocupatione,</span> <span class='ocrx_word' id='word_1_176' title='bbox 1355 1908 1447 1945; x_wconf 89' lang='lat' dir='ltr'>ma</span> <span class='ocrx_word' id='word_1_177' title='bbox 1472 1888 1512 1944; x_wconf 88' lang='lat' dir='ltr'>il</span> <span class='ocrx_word' id='word_1_178' title='bbox 1534 1891 1600 1945; x_wconf 90' lang='grc' dir='ltr'>Ρ.</span> <span class='ocrx_word' id='word_1_179' title='bbox 1635 1889 1911 1946; x_wconf 88' lang='lat' dir='ltr'>Emanuel</span> <span class='ocrx_word' id='word_1_180' title='bbox 1950 1888 2026 1944; x_wconf 88' lang='lat' dir='ltr'>mi</span> <span class='ocrx_word' id='word_1_181' title='bbox 2054 1890 2308 1957; x_wconf 85' lang='lat' dir='ltr'>consola,</span> <span class='ocrx_word' id='word_1_182' title='bbox 2350 1891 2459 1947; x_wconf 90' lang='lat' dir='ltr'>che</span> 
     </span>
     <span class='ocr_line' id='line_1_18' title="bbox 419 1984 2461 2059; baseline -0.001 -16"><span class='ocrx_word' id='word_1_183' title='bbox 419 1996 508 2043; x_wconf 89' lang='lat' dir='ltr'>sta</span> <span class='ocrx_word' id='word_1_184' title='bbox 533 2005 692 2056; x_wconf 84' lang='lat' dir='ltr'>sano,</span> <span class='ocrx_word' id='word_1_185' title='bbox 725 1985 864 2059; x_wconf 87' lang='lat' dir='ltr'>ogni</span> <span class='ocrx_word' id='word_1_186' title='bbox 884 1987 942 2041; x_wconf 89' lang='lat' dir='ltr'>di</span> <span class='ocrx_word' id='word_1_187' title='bbox 962 1986 1059 2058; x_wconf 79' lang='lat' dir='ltr'>piu</span> <span class='ocrx_word' id='word_1_188' title='bbox 1079 1987 1388 2041; x_wconf 88' lang='lat' dir='ltr'>lauorando</span> <span class='ocrx_word' id='word_1_189' title='bbox 1408 1986 1555 2043; x_wconf 87' lang='lat' dir='ltr'>nella</span> <span class='ocrx_word' id='word_1_190' title='bbox 1584 1985 1759 2057; x_wconf 86' lang='lat' dir='ltr'>uigna</span> <span class='ocrx_word' id='word_1_191' title='bbox 1778 1984 1857 2040; x_wconf 91' lang='lat' dir='ltr'>dil</span> <span class='ocrx_word' id='word_1_192' title='bbox 1877 1984 2110 2056; x_wconf 84' lang='lat' dir='ltr'>Signor,</span> <span class='ocrx_word' id='word_1_193' title='bbox 2133 1984 2382 2043; x_wconf 86' lang='lat' dir='ltr'>distante</span> <span class='ocrx_word' id='word_1_194' title='bbox 2401 1986 2461 2041; x_wconf 95' lang='lat' dir='ltr'>di</span> 
     </span>
     <span class='ocr_line' id='line_1_19' title="bbox 418 2083 1027 2155; baseline 0 -15"><span class='ocrx_word' id='word_1_195' title='bbox 418 2102 533 2155; x_wconf 91' lang='lat' dir='ltr'>qua</span> <span class='ocrx_word' id='word_1_196' title='bbox 560 2083 711 2139; x_wconf 86' lang='lat' dir='ltr'>circa</span> <span class='ocrx_word' id='word_1_197' title='bbox 740 2100 811 2154; x_wconf 85' lang='lat'>30</span> <span class='ocrx_word' id='word_1_198' title='bbox 836 2083 1027 2140; x_wconf 87' lang='lat' dir='ltr'>millie.</span> 
     </span>
    </p>

    <p class='ocr_par' dir='ltr' id='par_1_4' title="bbox 527 2179 1638 2249">
     <span class='ocr_line' id='line_1_20' title="bbox 527 2179 1638 2249; baseline -0.002 -13"><span class='ocrx_word' id='word_1_199' title='bbox 527 2180 693 2236; x_wconf 88' lang='lat' dir='ltr'>Dalla</span> <span class='ocrx_word' id='word_1_200' title='bbox 720 2179 913 2235; x_wconf 83' lang='lat' dir='ltr'>Bastia</span> <span class='ocrx_word' id='word_1_201' title='bbox 939 2179 1032 2236; x_wconf 89' lang='lat' dir='ltr'>alli</span> <span class='ocrx_word' id='word_1_202' title='bbox 1062 2194 1093 2249; x_wconf 92' lang='lat'>7</span> <span class='ocrx_word' id='word_1_203' title='bbox 1121 2179 1178 2234; x_wconf 92' lang='lat' dir='ltr'>di</span> <span class='ocrx_word' id='word_1_204' title='bbox 1206 2181 1251 2235; x_wconf 92' lang='lat' dir='ltr'>F</span> <span class='ocrx_word' id='word_1_205' title='bbox 1253 2179 1445 2236; x_wconf 89' lang='lat' dir='ltr'>ebraio</span> <span class='ocrx_word' id='word_1_206' title='bbox 1480 2191 1638 2249; x_wconf 87' lang='lat'>1553.</span> 
     </span>
    </p>

    <p class='ocr_par' dir='ltr' id='par_1_5' title="bbox 417 2274 2461 3026">
     <span class='ocr_line' id='line_1_21' title="bbox 530 2274 2452 2348; baseline -0.001 -16"><span class='ocrx_word' id='word_1_207' title='bbox 530 2278 752 2348; x_wconf 80' lang='lat' dir='ltr'>Queste</span> <span class='ocrx_word' id='word_1_208' title='bbox 778 2275 1006 2348; x_wconf 87' lang='lat' dir='ltr'>alligate</span> <span class='ocrx_word' id='word_1_209' title='bbox 1033 2294 1175 2332; x_wconf 85' lang='lat' dir='ltr'>sono</span> <span class='ocrx_word' id='word_1_210' title='bbox 1203 2276 1280 2331; x_wconf 90' lang='lat' dir='ltr'>dil</span> <span class='ocrx_word' id='word_1_211' title='bbox 1320 2279 1387 2332; x_wconf 89' lang='grc' dir='ltr'>Ρ.</span> <span class='ocrx_word' id='word_1_212' title='bbox 1432 2276 1786 2343; x_wconf 84' lang='lat' dir='ltr'>Emmanuel,</span> <span class='ocrx_word' id='word_1_213' title='bbox 1817 2284 1875 2332; x_wconf 88' lang='lat' dir='ltr'>et</span> <span class='ocrx_word' id='word_1_214' title='bbox 1898 2274 1978 2331; x_wconf 89' lang='lat' dir='ltr'>dil</span> <span class='ocrx_word' id='word_1_215' title='bbox 2013 2277 2079 2331; x_wconf 90' lang='lat' dir='ltr'>P.</span> <span class='ocrx_word' id='word_1_216' title='bbox 2121 2274 2376 2331; x_wconf 86' lang='lat' dir='ltr'>ministro</span> <span class='ocrx_word' id='word_1_217' title='bbox 2410 2276 2452 2342; x_wconf 74' lang='lat'>³,</span> 
     </span>
     <span class='ocr_line' id='line_1_22' title="bbox 417 2371 2456 2445; baseline -0 -16"><span class='ocrx_word' id='word_1_218' title='bbox 417 2381 478 2429; x_wconf 90' lang='lat' dir='ltr'>et</span> <span class='ocrx_word' id='word_1_219' title='bbox 503 2372 561 2427; x_wconf 92' lang='lat' dir='ltr'>di</span> <span class='ocrx_word' id='word_1_220' title='bbox 587 2389 702 2428; x_wconf 90' lang='lat' dir='ltr'>uno</span> <span class='ocrx_word' id='word_1_221' title='bbox 747 2371 1062 2445; x_wconf 88' lang='lat' dir='ltr'>guardiano</span> <span class='ocrx_word' id='word_1_222' title='bbox 1097 2374 1116 2400; x_wconf 84' lang='lat'><strong>³</strong></span> <span class='ocrx_word' id='word_1_223' title='bbox 1153 2372 1210 2427; x_wconf 90' lang='lat' dir='ltr'>di</span> <span class='ocrx_word' id='word_1_224' title='bbox 1245 2373 1365 2430; x_wconf 81' lang='lat' dir='ltr'>S.t0</span> <span class='ocrx_word' id='word_1_225' title='bbox 1399 2374 1444 2427; x_wconf 93' lang='lat' dir='ltr'><strong>F</strong></span> <span class='ocrx_word' id='word_1_226' title='bbox 1446 2384 1634 2427; x_wconf 78' lang='lat' dir='ltr'>ran.00</span> <span class='ocrx_word' id='word_1_227' title='bbox 1666 2380 1725 2428; x_wconf 89' lang='lat' dir='ltr'>et</span> <span class='ocrx_word' id='word_1_228' title='bbox 1757 2372 1849 2429; x_wconf 90' lang='lat' dir='ltr'>del</span> <span class='ocrx_word' id='word_1_229' title='bbox 1882 2371 2095 2428; x_wconf 88' lang='lat' dir='ltr'>vicario</span> <span class='ocrx_word' id='word_1_230' title='bbox 2129 2371 2187 2427; x_wconf 89' lang='lat' dir='ltr'>di</span> <span class='ocrx_word' id='word_1_231' title='bbox 2223 2371 2456 2428; x_wconf 85' lang='lat' dir='ltr'>Bonifa-</span> 
     </span>
     <span class='ocr_line' id='line_1_23' title="bbox 420 2467 2459 2541; baseline 0 -17"><span class='ocrx_word' id='word_1_232' title='bbox 420 2468 509 2524; x_wconf 90' lang='lat' dir='ltr'>cio</span> <span class='ocrx_word' id='word_1_233' title='bbox 538 2469 580 2538; x_wconf 80' lang='lat'>⁴,</span> <span class='ocrx_word' id='word_1_234' title='bbox 610 2469 745 2541; x_wconf 91' lang='lat' dir='ltr'>qual</span> <span class='ocrx_word' id='word_1_235' title='bbox 770 2468 847 2524; x_wconf 91' lang='lat' dir='ltr'>mi</span> <span class='ocrx_word' id='word_1_236' title='bbox 873 2486 1161 2541; x_wconf 87' lang='lat' dir='ltr'>promesse</span> <span class='ocrx_word' id='word_1_237' title='bbox 1188 2469 1282 2541; x_wconf 79' lang='lat' dir='ltr'>gia</span> <span class='ocrx_word' id='word_1_238' title='bbox 1327 2470 1505 2527; x_wconf 88' lang='lat' dir='ltr'>uoler&#39;</span> <span class='ocrx_word' id='word_1_239' title='bbox 1543 2467 1818 2524; x_wconf 89' lang='lat' dir='ltr'>rinontiar</span> <span class='ocrx_word' id='word_1_240' title='bbox 1841 2468 1979 2541; x_wconf 86' lang='lat' dir='ltr'>ogni</span> <span class='ocrx_word' id='word_1_241' title='bbox 2003 2486 2161 2537; x_wconf 73' lang='lat' dir='ltr'>cosa²</span> <span class='ocrx_word' id='word_1_242' title='bbox 2185 2477 2244 2526; x_wconf 87' lang='lat' dir='ltr'>et</span> <span class='ocrx_word' id='word_1_243' title='bbox 2268 2468 2366 2541; x_wconf 81' lang='lat' dir='ltr'>gia</span> <span class='ocrx_word' id='word_1_244' title='bbox 2385 2470 2459 2524; x_wconf 89' lang='lat' dir='ltr'>ha</span> 
     </span>
     <span class='ocr_line' id='line_1_24' title="bbox 421 2564 2460 2639; baseline 0 -19"><span class='ocrx_word' id='word_1_245' title='bbox 421 2564 816 2621; x_wconf 85' lang='lat' dir='ltr'>comminciate</span> <span class='ocrx_word' id='word_1_246' title='bbox 842 2565 1189 2621; x_wconf 86' lang='lat' dir='ltr'>comunicar&#39;</span> <span class='ocrx_word' id='word_1_247' title='bbox 1219 2565 1357 2638; x_wconf 88' lang='lat' dir='ltr'>ogni</span> <span class='ocrx_word' id='word_1_248' title='bbox 1384 2574 1505 2621; x_wconf 94' lang='lat' dir='ltr'>otto</span> <span class='ocrx_word' id='word_1_249' title='bbox 1532 2567 1611 2634; x_wconf 91' lang='lat' dir='ltr'>di,</span> <span class='ocrx_word' id='word_1_250' title='bbox 1649 2574 1709 2622; x_wconf 87' lang='lat' dir='ltr'>et</span> <span class='ocrx_word' id='word_1_251' title='bbox 1740 2575 1830 2622; x_wconf 87' lang='lat' dir='ltr'>sta</span> <span class='ocrx_word' id='word_1_252' title='bbox 1859 2565 2106 2623; x_wconf 80' lang='lat' dir='ltr'>distante</span> <span class='ocrx_word' id='word_1_253' title='bbox 2139 2584 2317 2639; x_wconf 87' lang='lat' dir='ltr'>penso</span> <span class='ocrx_word' id='word_1_254' title='bbox 2357 2580 2460 2637; x_wconf 88' lang='grc'>150</span> 
     </span>
     <span class='ocr_line' id='line_1_25' title="bbox 423 2660 2461 2735; baseline 0.001 -19"><span class='ocrx_word' id='word_1_255' title='bbox 423 2660 619 2734; x_wconf 86' lang='lat' dir='ltr'>miglia</span> <span class='ocrx_word' id='word_1_256' title='bbox 642 2662 715 2718; x_wconf 93' lang='lat' dir='ltr'>da</span> <span class='ocrx_word' id='word_1_257' title='bbox 741 2660 856 2728; x_wconf 90' lang='lat' dir='ltr'>noi,</span> <span class='ocrx_word' id='word_1_258' title='bbox 887 2680 978 2717; x_wconf 90' lang='lat' dir='ltr'>ma</span> <span class='ocrx_word' id='word_1_259' title='bbox 1006 2663 1087 2732; x_wconf 84' lang='lat' dir='ltr'>gl&#39;</span> <span class='ocrx_word' id='word_1_260' title='bbox 1118 2665 1418 2718; x_wconf 89' lang='lat' dir='ltr'>hauemmo</span> <span class='ocrx_word' id='word_1_261' title='bbox 1444 2662 1661 2732; x_wconf 84' lang='lat' dir='ltr'>scritt0,</span> <span class='ocrx_word' id='word_1_262' title='bbox 1698 2671 1757 2718; x_wconf 90' lang='lat' dir='ltr'>et</span> <span class='ocrx_word' id='word_1_263' title='bbox 1789 2662 1849 2718; x_wconf 90' lang='lat' dir='ltr'>in</span> <span class='ocrx_word' id='word_1_264' title='bbox 1873 2662 2100 2720; x_wconf 87' lang='lat' dir='ltr'>diuerse</span> <span class='ocrx_word' id='word_1_265' title='bbox 2137 2664 2279 2720; x_wconf 90' lang='lat' dir='ltr'>altre</span> <span class='ocrx_word' id='word_1_266' title='bbox 2317 2662 2461 2735; x_wconf 86' lang='lat' dir='ltr'>parti</span> 
     </span>
     <span class='ocr_line' id='line_1_26' title="bbox 420 2757 2460 2832; baseline 0.003 -19"><span class='ocrx_word' id='word_1_267' title='bbox 420 2757 482 2813; x_wconf 89' lang='lat' dir='ltr'>di</span> <span class='ocrx_word' id='word_1_268' title='bbox 507 2758 762 2828; x_wconf 89' lang='lat' dir='ltr'>Corsica,</span> <span class='ocrx_word' id='word_1_269' title='bbox 792 2767 851 2815; x_wconf 90' lang='lat' dir='ltr'>et</span> <span class='ocrx_word' id='word_1_270' title='bbox 871 2758 1190 2814; x_wconf 90' lang='lat' dir='ltr'>mandatoci</span> <span class='ocrx_word' id='word_1_271' title='bbox 1212 2759 1399 2816; x_wconf 87' lang='lat' dir='ltr'>libreti</span> <span class='ocrx_word' id='word_1_272' title='bbox 1419 2760 1567 2815; x_wconf 87' lang='lat' dir='ltr'>della</span> <span class='ocrx_word' id='word_1_273' title='bbox 1592 2758 1842 2815; x_wconf 90' lang='lat' dir='ltr'>dottrina</span> <span class='ocrx_word' id='word_1_274' title='bbox 1860 2759 2109 2832; x_wconf 85' lang='lat' dir='ltr'>xpiana.,</span> <span class='ocrx_word' id='word_1_275' title='bbox 2132 2759 2290 2816; x_wconf 81' lang='lat' dir='ltr'>accio</span> <span class='ocrx_word' id='word_1_276' title='bbox 2307 2760 2460 2819; x_wconf 86' lang='lat' dir='ltr'>inse·</span> 
     </span>
     <span class='ocr_line' id='line_1_27' title="bbox 421 2854 2461 2928; baseline 0.001 -18"><span class='ocrx_word' id='word_1_277' title='bbox 421 2872 641 2927; x_wconf 88' lang='lat' dir='ltr'>gnon0,</span> <span class='ocrx_word' id='word_1_278' title='bbox 671 2864 730 2910; x_wconf 88' lang='lat' dir='ltr'>et</span> <span class='ocrx_word' id='word_1_279' title='bbox 755 2854 1042 2911; x_wconf 89' lang='lat' dir='ltr'>inducono</span> <span class='ocrx_word' id='word_1_280' title='bbox 1076 2855 1115 2909; x_wconf 91' lang='lat' dir='ltr'>li</span> <span class='ocrx_word' id='word_1_281' title='bbox 1148 2856 1337 2928; x_wconf 89' lang='lat' dir='ltr'>popoli</span> <span class='ocrx_word' id='word_1_282' title='bbox 1372 2855 1511 2928; x_wconf 89' lang='lat' dir='ltr'>ogni</span> <span class='ocrx_word' id='word_1_283' title='bbox 1544 2856 1840 2913; x_wconf 90' lang='lat' dir='ltr'>domenica</span> <span class='ocrx_word' id='word_1_284' title='bbox 1873 2874 1907 2911; x_wconf 94' lang='lat' dir='ltr'>a</span> <span class='ocrx_word' id='word_1_285' title='bbox 1939 2873 2064 2912; x_wconf 91' lang='lat' dir='ltr'>com</span> <span class='ocrx_word' id='word_1_286' title='bbox 2073 2855 2334 2924; x_wconf 88' lang='lat' dir='ltr'>unicarsi,</span> <span class='ocrx_word' id='word_1_287' title='bbox 2372 2857 2461 2913; x_wconf 80' lang='lat' dir='ltr'>in·</span> 
     </span>
     <span class='ocr_line' id='line_1_28' title="bbox 424 2949 2460 3026; baseline 0.002 -20"><span class='ocrx_word' id='word_1_288' title='bbox 424 2949 550 3007; x_wconf 84' lang='lat' dir='ltr'>sino</span> <span class='ocrx_word' id='word_1_289' title='bbox 601 2953 707 3007; x_wconf 89' lang='lat' dir='ltr'>che</span> <span class='ocrx_word' id='word_1_290' title='bbox 761 2950 855 3007; x_wconf 91' lang='lat' dir='ltr'>noi</span> <span class='ocrx_word' id='word_1_291' title='bbox 900 2950 939 3006; x_wconf 93' lang='grc'>11</span> <span class='ocrx_word' id='word_1_292' title='bbox 987 2951 1367 3008; x_wconf 84' lang='lat' dir='ltr'>uisitaremmo</span> <span class='ocrx_word' id='word_1_293' title='bbox 1422 2954 1515 3010; x_wconf 89' lang='lat' dir='ltr'>nel</span> <span class='ocrx_word' id='word_1_294' title='bbox 1569 2952 1799 3026; x_wconf 87' lang='lat' dir='ltr'>Signor.</span> <span class='ocrx_word' id='word_1_295' title='bbox 1856 2952 1918 3011; x_wconf 91' lang='lat' dir='ltr'>Si</span> <span class='ocrx_word' id='word_1_296' title='bbox 1972 2953 2460 3011; x_wconf 87' lang='lat' dir='ltr'>raccomandiamo</span> 
     </span>
    </p>
   </div>
   <div class='ocr_carea' id='block_1_3' title="bbox 425 3053 774 3062">
    <p class='ocr_par' dir='ltr' id='par_1_6' title="bbox 425 3053 774 3062">
     <span class='ocr_line' id='line_1_29' title="bbox 425 3053 774 3062; baseline 0 0"><span class='ocrx_word' id='word_1_297' title='bbox 425 3053 774 3062; x_wconf 95' lang='lat' dir='ltr'> </span> 
     </span>
    </p>
   </div>
   <div class='ocr_carea' id='block_1_4' title="bbox 418 3089 2463 3897">
    <p class='ocr_par' dir='ltr' id='par_1_7' title="bbox 418 3089 2463 3599">
     <span class='ocr_line' id='line_1_30' title="bbox 418 3089 2459 3152; baseline 0.002 -15"><span class='ocrx_word' id='word_1_298' title='bbox 418 3089 656 3138; x_wconf 77' lang='lat' dir='ltr'>officiales</span> <span class='ocrx_word' id='word_1_299' title='bbox 678 3089 770 3138; x_wconf 86' lang='lat' dir='ltr'>Sti.</span> <span class='ocrx_word' id='word_1_300' title='bbox 793 3090 994 3151; x_wconf 82' lang='lat' dir='ltr'>Georgii</span> <span class='ocrx_word' id='word_1_301' title='bbox 1024 3092 1113 3147; x_wconf 85' lang='lat' dir='ltr'>(sic</span> <span class='ocrx_word' id='word_1_302' title='bbox 1137 3092 1363 3139; x_wconf 89' lang='lat' dir='ltr'>dicuntur</span> <span class='ocrx_word' id='word_1_303' title='bbox 1388 3093 1699 3152; x_wconf 82' lang='lat' dir='ltr'>magistratus</span> <span class='ocrx_word' id='word_1_304' title='bbox 1731 3093 2043 3150; x_wconf 87' lang='lat' dir='ltr'>Genuenses)</span> <span class='ocrx_word' id='word_1_305' title='bbox 2073 3094 2332 3141; x_wconf 84' lang='lat' dir='ltr'>habebat.»</span> <span class='ocrx_word' id='word_1_306' title='bbox 2362 3094 2459 3141; x_wconf 82' lang='lat' dir='ltr'>Po-</span> 
     </span>
     <span class='ocr_line' id='line_1_31' title="bbox 424 3166 2460 3229; baseline 0.002 -18"><span class='ocrx_word' id='word_1_307' title='bbox 424 3174 620 3225; x_wconf 72' lang='lat' dir='ltr'>LANCO,</span> <span class='ocrx_word' id='word_1_308' title='bbox 639 3173 675 3213; x_wconf 90' lang='lat' dir='ltr'>t.</span> <span class='ocrx_word' id='word_1_309' title='bbox 693 3176 767 3226; x_wconf 87' lang='lat' dir='ltr'>m,</span> <span class='ocrx_word' id='word_1_310' title='bbox 789 3179 899 3227; x_wconf 83' lang='lat' dir='ltr'>pag.</span> <span class='ocrx_word' id='word_1_311' title='bbox 923 3166 998 3222; x_wconf 86' lang='lat'>88,</span> <span class='ocrx_word' id='word_1_312' title='bbox 1023 3183 1077 3213; x_wconf 89' lang='lat' dir='ltr'>n.</span> <span class='ocrx_word' id='word_1_313' title='bbox 1112 3167 1209 3214; x_wconf 87' lang='lat'>160.</span> <span class='ocrx_word' id='word_1_314' title='bbox 1238 3168 1359 3214; x_wconf 92' lang='lat' dir='ltr'>Vide</span> <span class='ocrx_word' id='word_1_315' title='bbox 1378 3183 1540 3228; x_wconf 86' lang='lat' dir='ltr'>supra,</span> <span class='ocrx_word' id='word_1_316' title='bbox 1571 3169 1715 3229; x_wconf 82' lang='lat' dir='ltr'><strong>epist.</strong></span> <span class='ocrx_word' id='word_1_317' title='bbox 1736 3178 1843 3227; x_wconf 82' lang='lat'>515,</span> <span class='ocrx_word' id='word_1_318' title='bbox 1870 3181 1984 3228; x_wconf 84' lang='lat' dir='ltr'>pag.</span> <span class='ocrx_word' id='word_1_319' title='bbox 2017 3178 2092 3226; x_wconf 79' lang='lat'>72,</span> <span class='ocrx_word' id='word_1_320' title='bbox 2123 3176 2294 3215; x_wconf 86' lang='lat' dir='ltr'>annot.</span> <span class='ocrx_word' id='word_1_321' title='bbox 2333 3181 2378 3225; x_wconf 84' lang='lat'>2;</span> <span class='ocrx_word' id='word_1_322' title='bbox 2409 3176 2460 3215; x_wconf 92' lang='lat' dir='ltr'>et</span> 
     </span>
     <span class='ocr_line' id='line_1_32' title="bbox 425 3239 2461 3304; baseline 0.004 -20"><span class='ocrx_word' id='word_1_323' title='bbox 425 3239 668 3297; x_wconf 65' lang='lat' dir='ltr'>Munus,</span> <span class='ocrx_word' id='word_1_324' title='bbox 687 3240 765 3288; x_wconf 72' lang='lat' dir='ltr'>De</span> <span class='ocrx_word' id='word_1_325' title='bbox 784 3239 1038 3288; x_wconf 66' lang='lat' dir='ltr'>Geumi</span> <span class='ocrx_word' id='word_1_326' title='bbox 1049 3242 1434 3302; x_wconf 72' lang='lat' dir='ltr'>gubernatione,</span> <span class='ocrx_word' id='word_1_327' title='bbox 1451 3257 1564 3303; x_wconf 82' lang='lat' dir='ltr'>cap.</span> <span class='ocrx_word' id='word_1_328' title='bbox 1590 3255 1645 3302; x_wconf 88' lang='lat' dir='ltr'>u,</span> <span class='ocrx_word' id='word_1_329' title='bbox 1662 3257 1763 3289; x_wconf 81' lang='lat' dir='ltr'>sec.</span> <span class='ocrx_word' id='word_1_330' title='bbox 1786 3252 1829 3302; x_wconf 88' lang='lat'>1,</span> <span class='ocrx_word' id='word_1_331' title='bbox 1851 3258 1906 3290; x_wconf 88' lang='lat' dir='ltr'>n.</span> <span class='ocrx_word' id='word_1_332' title='bbox 1932 3243 2058 3300; x_wconf 87' lang='lat' dir='ltr'>8·1o;</span> <span class='ocrx_word' id='word_1_333' title='bbox 2075 3242 2159 3304; x_wconf 87' lang='lat' dir='ltr'>qui</span> <span class='ocrx_word' id='word_1_334' title='bbox 2182 3244 2278 3291; x_wconf 92' lang='lat' dir='ltr'>Sti.</span> <span class='ocrx_word' id='word_1_335' title='bbox 2307 3245 2461 3292; x_wconf 88' lang='lat' dir='ltr'>Geor-</span> 
     </span>
     <span class='ocr_line' id='line_1_33' title="bbox 423 3312 2456 3377; baseline 0.004 -18"><span class='ocrx_word' id='word_1_336' title='bbox 423 3312 494 3372; x_wconf 84' lang='lat' dir='ltr'>gii</span> <span class='ocrx_word' id='word_1_337' title='bbox 511 3312 673 3374; x_wconf 81' lang='lat' dir='ltr'>officio</span> <span class='ocrx_word' id='word_1_338' title='bbox 701 3314 966 3374; x_wconf 78' lang='lat' dir='ltr'>declarato,</span> <span class='ocrx_word' id='word_1_339' title='bbox 988 3317 1107 3362; x_wconf 89' lang='lat' dir='ltr'>haec</span> <span class='ocrx_word' id='word_1_340' title='bbox 1129 3316 1311 3362; x_wconf 86' lang='lat' dir='ltr'>subdit:</span> <span class='ocrx_word' id='word_1_341' title='bbox 1346 3316 1603 3364; x_wconf 88' lang='lat' dir='ltr'>«Corsicae</span> <span class='ocrx_word' id='word_1_342' title='bbox 1635 3317 1950 3377; x_wconf 73' lang='lat' dir='ltr'>Magistratus</span> <span class='ocrx_word' id='word_1_343' title='bbox 1978 3331 2148 3364; x_wconf 84' lang='lat' dir='ltr'>omnes</span> <span class='ocrx_word' id='word_1_344' title='bbox 2179 3318 2456 3367; x_wconf 73' lang='lat' dir='ltr'>biennales.</span> 
     </span>
     <span class='ocr_line' id='line_1_34' title="bbox 429 3387 2462 3453; baseline 0.003 -19"><span class='ocrx_word' id='word_1_345' title='bbox 429 3387 567 3434; x_wconf 81' lang='lat' dir='ltr'>Unus</span> <span class='ocrx_word' id='word_1_346' title='bbox 597 3388 756 3449; x_wconf 86' lang='lat' dir='ltr'>Regni</span> <span class='ocrx_word' id='word_1_347' title='bbox 778 3388 1086 3437; x_wconf 85' lang='lat' dir='ltr'>Gubernator</span> <span class='ocrx_word' id='word_1_348' title='bbox 1107 3405 1218 3435; x_wconf 92' lang='lat' dir='ltr'>cum</span> <span class='ocrx_word' id='word_1_349' title='bbox 1239 3389 1390 3450; x_wconf 87' lang='lat' dir='ltr'>gladii</span> <span class='ocrx_word' id='word_1_350' title='bbox 1414 3398 1677 3450; x_wconf 86' lang='lat' dir='ltr'>potestate,</span> <span class='ocrx_word' id='word_1_351' title='bbox 1701 3391 1848 3437; x_wconf 89' lang='lat' dir='ltr'>etiam</span> <span class='ocrx_word' id='word_1_352' title='bbox 1870 3391 1921 3437; x_wconf 86' lang='lat' dir='ltr'>in</span> <span class='ocrx_word' id='word_1_353' title='bbox 1942 3406 2131 3450; x_wconf 89' lang='lat' dir='ltr'>omnes,</span> <span class='ocrx_word' id='word_1_354' title='bbox 2160 3392 2245 3453; x_wconf 89' lang='lat' dir='ltr'>qui</span> <span class='ocrx_word' id='word_1_355' title='bbox 2275 3394 2321 3439; x_wconf 90' lang='lat' dir='ltr'>ei</span> <span class='ocrx_word' id='word_1_356' title='bbox 2350 3396 2462 3440; x_wconf 83' lang='lat' dir='ltr'>sub·</span> 
     </span>
     <span class='ocr_line' id='line_1_35' title="bbox 425 3463 2463 3529; baseline 0.003 -21"><span class='ocrx_word' id='word_1_357' title='bbox 425 3469 558 3522; x_wconf 80' lang='lat' dir='ltr'>sunt,</span> <span class='ocrx_word' id='word_1_358' title='bbox 587 3463 805 3524; x_wconf 78' lang='lat' dir='ltr'>Judices.</span> <span class='ocrx_word' id='word_1_359' title='bbox 827 3464 1140 3512; x_wconf 85' lang='lat' dir='ltr'>Gubernator</span> <span class='ocrx_word' id='word_1_360' title='bbox 1160 3473 1322 3510; x_wconf 89' lang='lat' dir='ltr'>autem</span> <span class='ocrx_word' id='word_1_361' title='bbox 1346 3465 1526 3525; x_wconf 89' lang='lat' dir='ltr'>pendet</span> <span class='ocrx_word' id='word_1_362' title='bbox 1547 3480 1574 3511; x_wconf 90' lang='lat' dir='ltr'>a</span> <span class='ocrx_word' id='word_1_363' title='bbox 1595 3466 1786 3512; x_wconf 79' lang='lat' dir='ltr'>duobus</span> <span class='ocrx_word' id='word_1_364' title='bbox 1815 3465 2051 3525; x_wconf 87' lang='lat' dir='ltr'>Collegiis</span> <span class='ocrx_word' id='word_1_365' title='bbox 2072 3467 2463 3529; x_wconf 73' lang='lat' dir='ltr'>[genuensibue],</span> 
     </span>
     <span class='ocr_line' id='line_1_36' title="bbox 421 3538 2260 3599; baseline 0.001 -16"><span class='ocrx_word' id='word_1_366' title='bbox 421 3551 550 3597; x_wconf 88' lang='lat' dir='ltr'>quae</span> <span class='ocrx_word' id='word_1_367' title='bbox 579 3553 666 3599; x_wconf 91' lang='lat' dir='ltr'>per</span> <span class='ocrx_word' id='word_1_368' title='bbox 693 3538 1032 3599; x_wconf 75' lang='lat' dir='ltr'>Magistratum</span> <span class='ocrx_word' id='word_1_369' title='bbox 1054 3539 1267 3599; x_wconf 89' lang='lat' dir='ltr'>quinque</span> <span class='ocrx_word' id='word_1_370' title='bbox 1293 3539 1505 3585; x_wconf 89' lang='lat' dir='ltr'>virorum</span> <span class='ocrx_word' id='word_1_371' title='bbox 1529 3555 1606 3586; x_wconf 88' lang='lat' dir='ltr'>res</span> <span class='ocrx_word' id='word_1_372' title='bbox 1628 3541 1853 3587; x_wconf 67' lang='lat' dir='ltr'>Corsicae</span> <span class='ocrx_word' id='word_1_373' title='bbox 1874 3540 2260 3588; x_wconf 72' lang='lat' dir='ltr'>administrant.»</span> 
     </span>
    </p>

    <p class='ocr_par' dir='ltr' id='par_1_8' title="bbox 499 3612 1437 3674">
     <span class='ocr_line' id='line_1_37' title="bbox 499 3612 1437 3674; baseline 0 -15"><span class='ocrx_word' id='word_1_374' title='bbox 499 3612 516 3641; x_wconf 80' lang='lat'>⁸</span> <span class='ocrx_word' id='word_1_375' title='bbox 585 3613 639 3659; x_wconf 94' lang='lat' dir='ltr'>1d</span> <span class='ocrx_word' id='word_1_376' title='bbox 661 3626 833 3661; x_wconf 78' lang='lat' dir='ltr'>revera</span> <span class='ocrx_word' id='word_1_377' title='bbox 853 3614 945 3661; x_wconf 86' lang='lat' dir='ltr'>hoe</span> <span class='ocrx_word' id='word_1_378' title='bbox 967 3612 1075 3674; x_wconf 82' lang='lat' dir='ltr'>ipso</span> <span class='ocrx_word' id='word_1_379' title='bbox 1095 3627 1222 3659; x_wconf 85' lang='lat' dir='ltr'>anno</span> <span class='ocrx_word' id='word_1_380' title='bbox 1243 3613 1437 3660; x_wconf 88' lang='lat' dir='ltr'>accidit.</span> 
     </span>
    </p>

    <p class='ocr_par' dir='ltr' id='par_1_9' title="bbox 503 3687 1172 3748">
     <span class='ocr_line' id='line_1_38' title="bbox 503 3687 1172 3748; baseline 0 -15"><span class='ocrx_word' id='word_1_381' title='bbox 503 3692 522 3717; x_wconf 77' lang='lat'>⁸</span> <span class='ocrx_word' id='word_1_382' title='bbox 585 3689 664 3734; x_wconf 83' lang='lat' dir='ltr'>Fr.</span> <span class='ocrx_word' id='word_1_383' title='bbox 689 3689 902 3748; x_wconf 76' lang='lat' dir='ltr'>Joannea</span> <span class='ocrx_word' id='word_1_384' title='bbox 922 3687 984 3733; x_wconf 85' lang='lat' dir='ltr'>da</span> <span class='ocrx_word' id='word_1_385' title='bbox 1006 3688 1172 3735; x_wconf 89' lang='lat' dir='ltr'>Corte.</span> 
     </span>
    </p>

    <p class='ocr_par' dir='ltr' id='par_1_10' title="bbox 502 3762 1497 3822">
     <span class='ocr_line' id='line_1_39' title="bbox 502 3762 1497 3822; baseline 0.001 -14"><span class='ocrx_word' id='word_1_386' title='bbox 502 3764 521 3789; x_wconf 76' lang='lat'><strong>³</strong></span> <span class='ocrx_word' id='word_1_387' title='bbox 585 3764 662 3808; x_wconf 83' lang='lat' dir='ltr'>Fr.</span> <span class='ocrx_word' id='word_1_388' title='bbox 687 3762 854 3809; x_wconf 86' lang='lat' dir='ltr'>Simon</span> <span class='ocrx_word' id='word_1_389' title='bbox 875 3762 1046 3811; x_wconf 71' lang='lat' dir='ltr'>Coi-eo.</span> <span class='ocrx_word' id='word_1_390' title='bbox 1073 3762 1198 3807; x_wconf 86' lang='lat' dir='ltr'>Vide</span> <span class='ocrx_word' id='word_1_391' title='bbox 1221 3763 1365 3822; x_wconf 72' lang='lat' dir='ltr'>epist.</span> <span class='ocrx_word' id='word_1_392' title='bbox 1391 3762 1497 3821; x_wconf 82' lang='lat'><strong>53¹-</strong></span> 
     </span>
    </p>

    <p class='ocr_par' dir='ltr' id='par_1_11' title="bbox 501 3837 1445 3897">
     <span class='ocr_line' id='line_1_40' title="bbox 501 3837 1445 3897; baseline 0.001 -15"><span class='ocrx_word' id='word_1_393' title='bbox 501 3839 520 3866; x_wconf 79' lang='lat'><strong>⁴</strong></span> <span class='ocrx_word' id='word_1_394' title='bbox 583 3837 854 3896; x_wconf 69' lang='lat' dir='ltr'>Pommco,</span> <span class='ocrx_word' id='word_1_395' title='bbox 877 3837 919 3883; x_wconf 77' lang='grc' dir='ltr'>ι.</span> <span class='ocrx_word' id='word_1_396' title='bbox 948 3852 1010 3890; x_wconf 85' lang='lat' dir='ltr'>c.,</span> <span class='ocrx_word' id='word_1_397' title='bbox 1036 3851 1145 3897; x_wconf 78' lang='lat' dir='ltr'>pag.</span> <span class='ocrx_word' id='word_1_398' title='bbox 1170 3837 1245 3893; x_wconf 86' lang='lat'>88,</span> <span class='ocrx_word' id='word_1_399' title='bbox 1270 3852 1318 3884; x_wconf 85' lang='lat' dir='ltr'>n.</span> <span class='ocrx_word' id='word_1_400' title='bbox 1347 3838 1445 3884; x_wconf 80' lang='lat'>161.</span> 
     </span>
    </p>
   </div>
  </div>
 </body>
</html>
