2638 4334
491 323 581 382 716
1345 321 1560 366 Innxcns

429 450 588 519 item,
629 448 676 505 si
709 448 982 522 pauculas
1014 447 1259 521 excipias
1303 444 1569 517 epistolas
1618 458 1751 514 prae
1789 448 2073 498 vetustate
2120 439 2360 508 attritas,
2401 440 2460 496 in

430 547 582 601 bono
609 563 719 601 usu
746 562 814 601 ac
841 553 996 601 statu
1021 553 1263 601 servata.

543 640 707 696 Initio
733 639 1039 697 voluminis
1065 641 1181 695 duo
1220 637 1349 693 folia
1384 634 1614 690 minoris
1652 631 2082 705 magnitudinis,
2116 650 2234 687 non
2266 649 2470 689 nume-

434 746 575 804 rata,
606 737 999 809 praefiguntur
1024 734 1294 808 epistolis;
1334 748 1575 803 quorum
1604 728 1844 801 primum
1879 726 2124 784 indicem
2158 727 2470 801 generalis—

434 832 639 888 simum
660 841 954 889 auctorum
976 831 1338 904 epistolarum
1360 826 1612 882 continet
1631 824 1740 880 sub
1761 824 1946 880 titulo:
1976 823 2298 896 «Epistolae
2316 824 2473 880 Anni

444 942 659 999 1553.»:
690 929 929 985 alterum
959 927 1151 983 folium
1182 943 1383 998 purum
1413 933 1518 979 est.

1287 1064 1514 1115 Codex
1549 1062 1618 1114 2.

551 1216 732 1289 Epist.
774 1217 1009 1285 Micelae,
1047 1217 1154 1271 vol.
1195 1216 1261 1270 E.
1305 1216 1365 1269 In
1401 1213 1496 1267 fol.
1536 1213 1703 1284 (320112
1730 1219 1781 1273 ><
1813 1211 1981 1282 210112)
2018 1209 2112 1266 cui
2153 1209 2352 1266 titulus
2385 1228 2476 1266 re·

439 1329 576 1368 cens
602 1313 658 1367 in
694 1313 881 1369 dorso:
918 1313 1296 1369 «EPISTOL.
1336 1310 1344 1383 Ι
1380 1310 1679 1365 ΜΙΧΤΑΕ
1713 1308 1722 1382 Ι
1764 1320 2065 1378 1553-54.»

530 1409 817 1467 *Continet
850 1409 1013 1481 epist.
1055 1424 1181 1481 209,
1212 1408 1355 1463 serie
1382 1404 1652 1461 continua
1678 1412 2024 1470 numerataS,
2061 1404 2216 1459 haud
2249 1402 2328 1459 ita
2361 1402 2478 1475 pri·

437 1505 587 1571 dem,
618 1514 784 1577 prout
810 1505 1053 1563 videtur.
1090 1505 1310 1560 Priores
1339 1504 1440 1572 146
1467 1501 1631 1574 epist.
1662 1500 1886 1573 lapideo
1921 1499 2078 1555 rubri
2110 1499 2319 1556 coloris
2350 1499 2482 1555 stilo

438 1611 827 1669 recensentur3
858 1601 1196 1673 posteriores
1222 1618 1356 1655 vero
1391 1598 1521 1654 stilo
1556 1596 1726 1653 etiam
1753 1596 1996 1669 lapide0,
2026 1597 2129 1654 sed
2161 1595 2364 1651 coloris
2390 1594 2480 1650 ni-

440 1696 547 1770 gri.
581 1697 735 1753 Olim
761 1715 879 1753 non
909 1715 1021 1752 una
1050 1697 1153 1752 fuit
1174 1713 1533 1750 numerorum
1556 1693 1731 1750 series
1750 1692 1897 1749 foliis
1917 1691 2161 1765 singulis
2187 1690 2479 1764 inscripta,

436 1793 738 1865 praecipue
762 1793 822 1848 in
848 1792 1008 1847 initio
1029 1792 1348 1847 voluminis:
1379 1791 1437 1845 in
1466 1806 1772 1862 progressu
1792 1806 1930 1845 vero
1950 1789 2093 1844 ordo
2113 1805 2480 1846 numerorum

439 1899 700 1945 servatus
727 1900 978 1961 apparet.

554 1984 779 2041 Initium
801 1984 1014 2057 primae
1051 1985 1216 2056 epist.
1243 1996 1347 2041 est:
1390 1984 1459 2057 «†
1493 1984 1502 2058 Ι
1537 1985 1706 2039 nl.m0
1727 1993 1786 2040 et
1820 1984 2036 2039 Eccmo.
2083 1984 2184 2038 Pe.
2222 1980 2233 2056 Ι
2272 1981 2484 2037 Essen-

442 2081 590 2137 done
617 2090 766 2137 stato
793 2091 1136 2138 nouamente
1164 2098 1586 2137 commesso...»

551 2176 707 2233 Finis
734 2177 983 2234 ultimae:
1019 2180 1137 2234 «De
1168 2179 1419 2233 Lixbona
1444 2183 1477 2233 a
1504 2179 1588 2233 los
1615 2195 1675 2233 xx
1705 2178 1828 2232 dias
1854 2177 1947 2232 del
1973 2193 2095 2231 mes
2128 2175 2202 2232 de
2237 2172 2483 2232 Setiem-

443 2273 543 2327 bre
569 2274 641 2328 de
675 2286 831 2343 1554.
869 2273 880 2348 Ι
913 2259 1394 2331 Obedientissimo
1422 2275 1537 2345 hijo
1557 2294 1595 2346 y
1620 2274 1859 2346 indigno
1893 2272 1902 2346 Ι
1936 2271 2126 2329 sieruo
2146 2270 2206 2325 in
2234 2271 2384 2342 Xpo.
2408 2269 2482 2324 de

446 2370 518 2423 V.
553 2370 644 2435 Ρ.,
682 2370 692 2442 Ι
718 2371 904 2443 Johan
932 2371 1191 2426 Nunez.»

556 2466 1049 2536 Quemadmodum
1078 2466 1356 2537 superiuS,
1387 2467 1468 2522 sic
1495 2467 1663 2523 etiam
1692 2484 1960 2539 praesens
1985 2467 2254 2522 volumen
2289 2484 2361 2523 ex
2394 2465 2485 2520 di-

442 2559 623 2618 versis
650 2561 780 2616 hinc
818 2560 950 2618 inde
984 2561 1250 2632 dispersis
1283 2563 1686 2631 monumentis,
1725 2563 1782 2618 in
1817 2581 1995 2619 unum
2036 2561 2311 2631 oollectiS,
2348 2579 2485 2618 coa-

444 2657 657 2714 lescere
683 2656 926 2714 videtur.
960 2658 1261 2713 Caeterum
1299 2677 1443 2729 quae
1470 2661 1540 2715 de
1569 2659 1666 2715 illo
1693 2658 1961 2728 diximus,
1991 2677 2060 2715 ea
2083 2657 2220 2714 huic
2254 2671 2487 2729 quoque

444 2752 812 2810 conveniunt:
838 2753 1132 2825 utriusque
1154 2755 1454 2810 voluminis
1476 2764 1844 2812 monumenta
1862 2756 2118 2827 ejusdem
2141 2753 2307 2827 pretii
2328 2763 2482 2810 sunt:

447 2850 642 2904 charta
668 2866 807 2905 vero
827 2849 999 2920 hujus
1019 2868 1188 2922 saepe
1208 2852 1468 2906 deterior:
1496 2835 1709 2923 aliquot
1728 2851 2002 2925 epistolae
2022 2858 2340 2908 atramento
2359 2866 2488 2905 cor-

449 2961 629 3012 rosae,
659 2944 874 3015 aliquot
899 2945 1138 3002 detritae
1166 2957 1450 3003 vetustate
1478 2958 1534 3004 et
1563 2966 1692 3004 usu.

560 3039 716 3095 Folia
743 3049 986 3111 quatuor
1011 3041 1262 3113 epistolis
1283 3052 1726 3114 anteponuntur.
1753 3044 2104 3113 Secundum,
2125 3043 2279 3115 quod
2299 3049 2488 3098 caete-

450 3135 525 3190 ris
552 3137 720 3208 longe
748 3135 993 3192 crassius
1030 3146 1138 3204 est,
1171 3139 1322 3193 hunc
1356 3140 1527 3193 habet
1565 3140 1812 3196 titulum:
1849 3140 2171 3212 «Epistolae
2205 3137 2415 3195 Mixtae
2447 3137 2458 3210 1

450 3244 830 3301 (553-1554.»
862 3231 1117 3287 Tertium
1145 3242 1200 3288 et
1229 3243 1491 3303 quartum
1529 3236 1723 3292 folium
1760 3236 2004 3292 indicem
2038 3243 2334 3293 auctorum
2368 3232 2490 3305 epi-

451 3327 719 3381 stolarum
749 3327 997 3384 exhibet.

1305 3470 1533 3522 Codex
1570 3471 1637 3524 ³.

565 3615 736 3687 Epist.
770 3616 1003 3685 Mna-tae,
1049 3619 1155 3672 vol.
1200 3620 1473 3675 C.—Hoc
1510 3622 1647 3687 vol.,
1689 3641 1759 3679 ex
1803 3641 1916 3694 quo
1961 3621 2232 3695 epistolae
2277 3618 2491 3689 aliquot

453 3709 577 3765 heic
612 3711 877 3778 eduntur,
921 3713 1038 3783 jam
1065 3731 1097 3768 a
1139 3714 1301 3770 nobis
1325 3715 1670 3788 descriptum
1699 3728 1805 3785 est,
1853 3719 2035 3791 Epist.
2080 3718 2317 3783 Mixtae,
2343 3723 2387 3768 t.
2420 3730 2488 3779 u,

448 3821 580 3878 pag.
612 3807 739 3875 88⁴,
772 3825 827 3862 n.
865 3822 917 3863 2.
