2638 4334
455 324 511 371 94
719 377 728 381 ,
1076 314 1371 361 Ems‘romss
1403 314 1762 370 Minae—520

395 439 644 510 Domini,
675 440 833 498 accio
859 442 913 499 al
941 450 1130 516 tempo
1156 442 1515 516 riccogliesse
1540 441 1577 495 il
1609 441 1805 508 frutt0‚
1835 440 1987 511 quali
2021 440 2058 495 il
2093 439 2305 514 Signor
2335 458 2437 516 per

392 536 446 591 la
472 553 576 592 sua
602 537 786 609 gratia
811 539 1015 595 mande
1041 558 1074 596 a
1099 539 1453 613 perfettione.
1480 540 1687 595 Arnen.

503 633 564 690 Si
593 635 664 690 V.
698 636 766 691 R.
797 635 1047 693 scriuera
1073 656 1105 692 a
1134 639 1330 705 Roma,
1362 634 1740 691 receuerebbe
1768 634 1822 688 io
1848 634 2085 702 charita,
2116 637 2434 692 screuendo

393 729 464 784 V.
497 731 565 785 R.
596 730 650 786 al
679 731 861 789 Padre
889 734 967 790 M.
1002 734 1269 800 Polanoe,
1299 735 1405 789 che
1433 731 1489 786 ni
1516 731 1720 786 mande
1754 730 1942 786 alcuni
1979 748 2087 787 aue
2119 732 2294 788 marie
2327 733 2432 789 be-

389 825 639 894 nedette,
677 846 813 901 pera
849 829 951 885 dar
989 849 1022 886 a
1060 830 1243 901 questi
1282 827 1517 901 signori,
1562 826 1694 883 tutti
1734 827 1931 899 quanti
1965 828 2179 896 deuoti,
2222 837 2281 886 et
2317 847 2431 887 vno

387 940 574 995 agnus
600 924 708 982 Dei
735 944 871 999 para
894 927 949 983 la
974 927 1206 999 signora
1235 928 1498 983 Barbara.
1533 926 1574 980 Il
1601 923 1798 997 signor
1823 923 2081 982 Giacouo
2107 924 2183 981 mi
2205 946 2239 983 a
2258 928 2431 983 offor-

391 1028 449 1076 to
474 1029 533 1077 et
565 1040 599 1079 a
632 1031 781 1081 tutta
813 1024 867 1080 la
900 1024 1252 1097 Compagnia
1287 1032 1437 1079 tutto
1474 1022 1512 1077 il
1550 1039 1655 1077 suo
1690 1030 1862 1089 stat0,
1901 1039 2162 1095 persona,
2199 1023 2336 1091 vita,
2374 1033 2432 1080 et

388 1117 583 1187 vasali,
621 1129 680 1176 et
716 1120 813 1193 pisi
858 1131 1025 1178 cento
1070 1121 1171 1179 lire
1216 1122 1286 1177 de
1332 1119 1539 1176 intrata
1583 1117 1721 1191 ogni
1748 1136 1899 1175 anno
1937 1137 2074 1191 para
2111 1118 2151 1174 il
2188 1120 2432 1193 collegio

388 1232 583 1272 nuouo
608 1216 779 1288 quiui.
812 1220 865 1275 A
893 1218 1061 1276 etiam
1089 1235 1376 1292 promesso
1406 1216 1681 1273 fabricare
1715 1234 1792 1272 vn
1830 1203 2174 1273 monasterio
2210 1215 2268 1272 di
2306 1235 2429 1273 mo·

388 1313 568 1370 nache
595 1312 773 1387 quiui,
803 1324 861 1371 et
886 1316 1104 1371 dotarlo
1130 1316 1202 1371 da
1230 1328 1301 1385 50
1337 1327 1387 1373 Δ
1425 1312 1573 1370 scuti
1607 1314 1664 1369 d'
1701 1312 1910 1370 intrata
1943 1312 2080 1386 ogni
2116 1331 2296 1381 ann0,··
2325 1332 2430 1386 pe·

387 1411 558 1467 roche
578 1409 625 1466 si
652 1429 833 1468 sonno
851 1430 1134 1468 commose
1161 1412 1362 1469 alcune
1389 1428 1647 1483 vergene‘
1660 1411 1730 1466 ad
1765 1408 1990 1467 offerire
2029 1418 2089 1467 et
2121 1411 2427 1467 obseruare

386 1506 438 1561 la
466 1524 571 1562 sua
594 1506 863 1582 integrita
890 1528 922 1565 a
948 1512 1068 1577 X.⁰,
1098 1509 1243 1566 delle
1269 1508 1436 1580 quale
1461 1506 1517 1562 vi
1539 1509 1571 1563 ὲ
1592 1526 1704 1563 vna
1729 1507 1878 1563 della
1897 1507 2122 1565 damme
2161 1508 2309 1565 della
2346 1507 2424 1563 si-

386 1620 567 1676 gnora
593 1604 869 1663 Nicoleta.
902 1608 943 1661 Il
970 1606 1197 1679 signore
1231 1615 1289 1662 et
1322 1607 1376 1663 le
1401 1605 1638 1679 virgene
1666 1604 1808 1662 facia
1835 1607 1935 1661 X.⁰
1962 1605 2269 1663 benedetto
2295 1593 2413 1662 eor-

385 1718 509 1759 rere
534 1701 670 1775 ogni
698 1702 899 1776 giorno
925 1703 1021 1776 pisi
1048 1704 1196 1761 nelle
1223 1721 1326 1760 sue
1354 1721 1660 1776 promesse.
1701 1704 1908 1759 Amen.
1942 1704 2014 1759 V.
2049 1704 2119 1758 R.
2149 1701 2226 1757 mi
2260 1720 2423 1759 raco-

386 1799 589 1856 mande
615 1799 705 1855 alli
732 1800 984 1856 oratione
1009 1802 1099 1857 del
1126 1800 1430 1874 magnifico
1456 1808 1857 1874 gouernatore,
1888 1808 1947 1855 et
1973 1798 2105 1855 delli
2134 1799 2422 1873 magnifici

384 1895 517 1951 tutti
543 1897 740 1967 quanti
785 1897 843 1953 in
878 1907 1053 1966 corte,
1084 1897 1370 1971 sigilatim,
1410 1906 1468 1955 et
1502 1898 1555 1954 al
1589 1896 1897 1971 magnifico
1937 1898 2139 1953 Anton
2172 1898 2422 1954 France·

383 2010 480 2049 sco
512 1994 524 2022 ¹
555 1993 643 2049 col
677 2003 869 2051 nostro
907 1994 1235 2051 charissimo
1270 1998 1499 2064 Bustor,
1530 1995 1935 2052 consolandolo
1959 2012 2069 2051 con
2098 1995 2152 2050 la
2178 2012 2422 2051 conuer-

383 2089 540 2148 sione
565 2091 695 2149 delli
722 2092 847 2148 suoi
875 2092 1133 2166 figliuoli,
1164 2093 1315 2165 quali
1341 2093 1530 2166 doppo
1551 2092 1724 2150 molte
1744 2091 2012 2165 prediche
2032 2091 2079 2148 si
2099 2110 2242 2149 sono
2261 2110 2420 2149 com·

383 2186 572 2244 uertiti
600 2189 652 2244 al
679 2189 878 2262 signor
904 2199 961 2247 et
988 2191 1128 2246 fatto
1153 2210 1265 2246 vna
1286 2189 1643 2248 confessione
1662 2191 1951 2263 generale,
1976 2199 2034 2247 et
2055 2190 2420 2263 perdonando

378 2283 512 2356 ogni
540 2283 786 2354 ingiuria
812 2305 912 2359 per
951 2305 1106 2343 amor
1139 2289 1210 2345 de
1248 2290 1347 2343 X.⁰
1382 2289 1640 2366 Domane
1674 2286 1722 2343 si
1756 2287 2253 2344 communicarano
2287 2286 2419 2343 tutti

376 2380 510 2436 duoi
537 2380 789 2440 insieme.
829 2385 872 2439 11
905 2383 1100 2457 signor
1133 2387 1151 2413 ’
1181 2387 1213 2441 ἑ
1240 2384 1455 2441 ritirato
1490 2385 1563 2440 ad
1595 2403 1675 2440 vn
1707 2384 2049 2442 monasterio
2081 2385 2155 2441 ad
2188 2385 2308 2442 fare
2340 2403 2416 2440 vn

374 2479 640 2548 generale
666 2497 903 2537 examen
928 2480 986 2536 di
1013 2469 1377 2551 conscientia,
1409 2500 1509 2554 per
1537 2482 1622 2538 far
1646 2499 1759 2537 vna
1779 2481 2033 2537 omnium
2054 2490 2415 2555 peccatorum

373 2590 604 2631 suorum
633 2577 875 2648 perfetta
895 2578 1270 2637 confessione.
1302 2581 1403 2635 X.⁰
1430 2580 1486 2635 lo
1513 2578 1766 2650 illumine
1792 2579 1865 2634 da
1892 2596 2050 2635 uero,

482 2673 536 2728 O
565 2673 705 2728 fatto
738 2693 998 2747 separare
1035 2686 1117 2733 tre
1152 2676 1422 2750 bigamie,
1460 2676 1592 2734 delli
1628 2676 1800 2749 qualli
1834 2678 1930 2731 vn'
1968 2677 2111 2732 sollo
2151 2678 2334 2734 hauea
2364 2677 2439 2734 le·

373 2783 476 2825 sue
501 2787 633 2826 cose
652 2771 980 2842 justificate,
1012 2784 1069 2831 et
1095 2774 1231 2847 ogni
1259 2774 1463 2847 giorno
1499 2774 1598 2847 pisi
1633 2793 1695 2832 se
1733 2776 1791 2831 n'
1829 2773 2028 2848 aprino
2061 2773 2179 2832 casi
2214 2773 2411 2831 nuoui.

372 2864 415 2919 Il
441 2865 649 2938 Signor
676 2870 735 2922 n'
764 2867 1015 2927 illumine
1042 2889 1075 2926 a
1110 2870 1242 2926 tutti
1270 2872 1468 2943 quanti
1508 2873 1598 2928 col
1633 2870 1795 2945 ragio
1832 2880 1890 2928 et
1929 2871 2087 2928 lumo
2126 2871 2274 2930 della
2310 2889 2415 2928 sua

374 2962 575 3034 gratia,
606 2965 760 3020 accio
795 2967 1072 3038 possiamo
1107 2969 1312 3027 vedere
1347 2988 1451 3025 sua
1484 2967 1807 3027 santissima
1840 2969 2097 3037 volunta,
2134 2976 2194 3027 et
2226 2969 2414 3042 quella

463 3258 476 3285 ⁸
541 3257 759 3303 «Nobilis
780 3259 973 3319 quidam
998 3261 1107 3317 fuit,
1140 3263 1200 3307 D.
1235 3262 1478 3309 Antonius
1508 3262 1816 3322 Franciscus'‚
1847 3262 1975 3311 inter
2002 3261 2198 3325 Bastiae
2227 3262 2414 3311 habita·

369 3336 500 3375 tores
521 3330 705 3378 divitiis
729 3348 841 3393 prae
864 3337 1071 3380 caeteris
1095 3345 1364 3396 praestans,
1386 3339 1471 3399 qui
1493 3346 1687 3384 nostros
1704 3338 1881 3385 Genua
1902 3338 1953 3384 in
1975 3337 2225 3385 Corsicam
2257 3353 2411 3400 usque

365 3417 452 3448 suo
476 3403 523 3449 in
547 3406 742 3464 navigio
763 3407 1049 3466 deduxerat3
1084 3412 1190 3469 ejus
1222 3419 1386 3458 autern
1417 3413 1629 3459 charitas
1661 3412 1858 3459 Bastiae
1885 3419 2030 3460 aucta
2057 3411 2166 3460 fuit.
2199 3412 2411 3473 Quidam

366 3476 533 3536 etiam,
569 3480 742 3527 Bustor
776 3482 987 3542 nomine,
1022 3499 1163 3530 omne
1195 3486 1341 3532 officn
1360 3501 1538 3547 genus
1569 3487 1697 3534 sieut
1734 3495 1784 3534 et
1819 3487 2064 3535 Antonius
2103 3487 2411 3549 Franciseus,

362 3552 543 3598 nostris
566 3556 880 3602 exhibebat.»
904 3557 1175 3616 ΡοιΑΝοο,
1199 3568 1235 3606 t.
1260 3572 1331 3620 ιιι,
1355 3576 1465 3622 pag.
1490 3574 1567 3621 94,
1586 3577 1635 3608 n.
1660 3572 1762 3620 ¹74·

451 3631 469 3656 ⁸
532 3627 687 3689 Supra
712 3631 932 3677 laudatus
958 3635 1167 3691 Jacobus
1189 3634 1236 3680 di
1260 3635 1399 3683 Santi
1422 3638 1573 3695 Mare,
1599 3637 1879 3697 provinciae
1886 3634 1963 3684 de
1989 3637 2128 3698 Cape
2153 3637 2307 3685 Curso
2329 3639 2412 3686 do·

368 3701 544 3751 minus.
570 3706 708 3766 «Ipse
732 3706 877 3752 etiam
903 3708 963 3752 D.
998 3710 1209 3766 Jacobus
1240 3710 1288 3756 in
1318 3710 1525 3771 quodam
1559 3712 1855 3758 monasterio
1885 3711 2223 3771 religiosorum
2251 3729 2306 3760 se
2334 3730 2409 3760 re·

369 3780 519 3841 cepit,
543 3788 594 3826 ut
614 3780 970 3828 confessionem
994 3784 1138 3829 etiarn
1161 3787 1439 3844 generalem
1466 3787 1594 3832 vitae
1618 3788 1769 3833 totius
1787 3787 2115 3835 institueret.»
2133 3788 2405 3849 ΡοιΑΝοο,

374 3857 409 3903 1.
430 3870 492 3909 c.,
516 3870 625 3916 pag.
650 3855 727 3915 83,
750 3872 796 3903 n.
826 3868 923 3914 ¹51.
