2638 4334
1080 241 1135 287 16
1164 242 1358 287 Murrn
1393 251 1504 299 ¹553
2169 247 2244 293 161

269 393 352 443 re,
383 392 486 446 per
509 371 550 427 li
575 370 706 427 busi
730 371 824 428 del
850 387 1014 425 muro
1038 378 1099 426 et
1133 376 1277 424 tetto
1323 368 1436 423 mal
1468 368 1699 434 conci0,
1736 378 1794 448 et
1828 372 1966 426 letto
2003 373 2211 441 simile,
2255 376 2312 431 di

272 471 441 527 modo
467 471 573 524 che
598 467 842 539 bisogno
867 474 1073 523 metter
1099 465 1257 520 molti
1283 463 1425 519 sassi
1453 463 1510 518 in
1537 464 1679 521 detti
1705 466 1854 532 busi,
1893 470 1966 523 ne
1994 487 2092 539 per
2112 481 2313 540 questo

273 575 498 623 restaua
536 566 643 620 che
674 565 730 619 la
765 572 926 620 notte
959 562 1036 617 mi
1075 560 1285 634 potessi
1320 560 1612 617 difendere
1646 562 1738 616 dal
1774 581 1903 618 aere
1938 574 1995 618 et
2030 585 2211 637 acqua
2255 578 2313 622 et

274 662 493 727 freddo,
524 660 584 714 in
607 653 779 733 'modo
803 662 912 716 che
938 658 1015 714 mi
1041 656 1260 714 amalai.
1293 658 1366 711 Et
1390 658 1674 712 ancorche
1699 642 1797 728 pisi
1823 660 1976 716 volte
2003 662 2040 714 li
2079 663 2314 732 predissi

276 763 499 828 quaetO,
530 767 587 812 et
614 759 719 812 che
746 758 800 811 la
827 765 1016 812 mente
1042 755 1135 810 del
1162 756 1383 825 Mag.eo
1409 753 1595 808 officio
1635 755 1647 781 ¹
1685 772 1801 808 non
1828 774 1922 811 era
1954 768 2182 826 questa,
2206 761 2314 813 mai

274 854 323 910 si
348 853 705 925 prouedette‚
737 854 924 908 talche
951 851 1028 906 mi
1055 852 1117 906 fu
1147 851 1301 906 forza
1324 849 1603 921 partirmi‚
1634 858 1693 906 et
1726 851 1843 905 cosi
1869 853 2027 907 volse
2061 852 2099 906 il
2136 856 2319 910 Padre

272 952 387 1005 don
413 949 714 1015 SiluestrO,
746 951 853 1004 che
880 966 1087 1004 ancora
1112 947 1160 1002 si
1187 947 1387 1001 amalo.

384 1046 633 1117 Quando
662 1044 710 1099 si
739 1054 986 1100 trattaua
1011 1044 1161 1099 della
1186 1042 1480 1114 prouision
1506 1052 1719 1109 nostra,
1751 1053 2015 1114 presente
2047 1045 2085 1098 il
2111 1063 2322 1116 gouer-

273 1152 472 1200 natore
496 1145 683 1199 dauan
712 1142 885 1196 molte
910 1141 1123 1212 parole,
1155 1157 1272 1193 non
1299 1138 1674 1194 risoluendosi
1701 1158 1735 1194 a
1761 1139 1961 1206 menti,
1986 1143 2265 1196 ancorche
2285 1142 2324 1196 il

234 1249 661 1330 ssouematore
695 1238 921 1293 instaua
953 1238 1061 1293 che
1088 1235 1152 1290 ‘ci
1199 1235 1529 1307 prouedessi
1575 1235 1634 1290 di
1678 1235 1858 1291 buoni
1893 1244 2090 1292 stanze
2135 1247 2193 1291 et
2231 1239 2324 1293 del

279 1335 445 1402 vitto,
476 1345 587 1391 ete.

393 1434 475 1489 Le
502 1431 805 1487 medesime
830 1430 1028 1502 parole
1051 1430 1127 1484 ne
1152 1430 1302 1483 daua
1325 1428 1383 1482 in
1412 1446 1545 1484 casa
1569 1446 1695 1496 sua,
1731 1430 1959 1499 quando
1992 1431 2047 1484 lo
2074 1449 2328 1502 pregaua

281 1527 337 1583 io
362 1530 470 1582 che
498 1526 700 1582 facessi
726 1527 1043 1598 prouedere
1070 1526 1179 1581 alla
1211 1524 1325 1580 mia
1357 1542 1610 1592 camera,
1647 1535 1706 1580 et
1732 1527 1867 1596 pero
1900 1526 1977 1580 mi
2004 1527 2260 1583 inuitaua
2293 1548 2327 1583 a

277 1623 489 1679 dormir
514 1641 667 1692 secO,
699 1624 908 1694 perche
932 1641 1145 1693 sapeua
1169 1623 1277 1678 che
1297 1640 1415 1676 non
1442 1623 1498 1676 lo
1523 1621 1681 1678 harei
1710 1622 1870 1688 fatto,
1903 1642 2003 1693 per
2030 1642 2145 1678 non
2171 1642 2328 1681 esser

279 1719 665 1776 conueniente
690 1721 764 1775 ne
791 1738 1004 1774 usanza
1029 1719 1177 1773 della
1203 1728 1402 1773 nostra
1426 1717 1797 1789 professione.
2198 1728 2201 1731 “

390 1817 610 1872 Perche
635 1816 695 1870 in
721 1817 855 1887 quel
882 1826 1072 1887 tempo
1097 1833 1194 1870 era
1213 1823 1405 1886 tempo
1424 1816 1531 1869 che
1550 1813 1589 1868 li
1609 1833 1782 1870 erano
1801 1815 2008 1886 portati
2030 1816 2177 1870 assai
2196 1835 2327 1887 pre-
2361 1875 2365 1879 ,

278 1913 446 1980 senti,
475 1922 535 1968 et
560 1913 655 1968 noi
679 1915 999 1970 haueuamo
1033 1911 1293 1967 ordinato
1328 1929 1429 1982 per
1462 1913 1619 1966 buon
1652 1911 1890 1983 rispetto
1907 1954 1919 1978 ,
1959 1914 2084 1979 che,
2127 1923 2329 1968 sonata

278 2011 317 2064 l'
348 2028 458 2067 aue
483 2008 684 2076 Maria,
713 2018 772 2064 et
798 2028 832 2064 a
857 2027 1087 2079 pranzo,
1117 2008 1259 2063 fussi
1280 2016 1497 2064 serrata
1515 2009 1570 2062 la
1590 2017 1773 2078 porta,
1798 2027 1914 2063 non
1935 2010 1967 2064 e
1994 2010 2328 2081 marauiglia

279 2124 342 2162 se
367 2105 420 2161 ci
447 2106 647 2162 sacena
674 2105 770 2161 tali
798 2105 1161 2176 portamenti‚
1192 2105 1421 2175 perche,
1453 2103 1502 2158 si
1528 2121 1690 2159 come
1723 2104 1771 2160 si
1796 2104 1924 2162 dice
1958 2107 2107 2160 nella
2136 2106 2330 2162 Bastia

281 2210 340 2259 et
366 2219 527 2258 come
553 2221 618 2257 sa
644 2205 859 2258 Mons.r
894 2201 951 2255 di
981 2201 1236 2257 Mariana
1269 2219 1370 2272 per
1405 2201 1608 2257 lettere
1640 2202 1734 2257 del
1770 2200 2001 2273 signore
2027 2205 2244 2275 Jacopo
2280 2204 2323 2271 ⁸,

281 2307 341 2355 et
366 2298 462 2353 noi
488 2298 655 2355 stessi
682 2298 945 2354 hauiamo
970 2299 1204 2364 vedutO,
1227 2316 1343 2352 non
1362 2297 1550 2352 ricusa
1568 2297 1838 2368 presenti,
1868 2299 1994 2353 anzi
2021 2299 2060 2352 li
2087 2318 2332 2371 procura

282 2395 340 2449 di
366 2394 638 2461 maniera,
669 2397 778 2451 che
803 2396 837 2450 ἑ
867 2383 1087 2449 ’ῑοτῑ3το
1122 2413 1155 2449 3
1191 2394 1275 2449 far
1308 2394 1367 2448 di
1400 2394 1574 2448 molte
1606 2412 1741 2450 cose
1775 2412 1919 2465 poco
1951 2395 2327 2466 ragioneuoli‚

281 2500 338 2546 et
365 2509 467 2563 per
493 2491 583 2547 cio
609 2490 945 2548 desideraua
971 2493 1078 2546 che
1104 2490 1156 2546 ci
1183 2490 1505 2563 partissimo
1531 2490 1589 2544 di
1616 2509 1768 2558 casa,
1793 2509 1894 2562 per
1920 2501 2086 2563 poter
2119 2493 2330 2565 meglio

282 2597 339 2645 et
367 2588 464 2659 pisi
489 2596 903 2644 secretamente
930 2589 1015 2643 far
1041 2587 1150 2654 cio,
1180 2589 1446 2644 uedendo
1471 2590 1579 2642 che
1605 2587 1703 2643 noi
1730 2607 1850 2642 non
1870 2590 2210 2644 laudauamo
2231 2609 2329 2646 ac-

283 2682 524 2741 cettarli.
556 2686 629 2738 Et
654 2692 858 2754 questo
883 2684 1134 2755 sapiamo
1158 2683 1258 2756 pisi
1284 2683 1342 2738 di
1376 2694 1560 2751 certo,
1592 2686 1799 2756 perche
1827 2685 1942 2756 egli
1970 2694 2152 2741 stesso
2180 2686 2331 2742 disse

284 2781 338 2835 al
363 2798 469 2835 suo
494 2780 788 2847 servitore,
819 2783 926 2837 che
947 2799 1048 2852 per
1067 2780 1156 2835 cio
1176 2799 1292 2835 non
1311 2790 1476 2836 staua
1501 2782 1614 2837 ben
1635 2799 1743 2835 con
1772 2781 1886 2848 noi;
1919 2782 1957 2836 il
1985 2783 2150 2852 quale
2170 2782 2325 2838 riseri

284 2877 338 2932 le
363 2877 670 2933 medesime
694 2878 888 2948 parole
914 2878 987 2932 ad
1015 2896 1090 2931 vn
1115 2886 1311 2932 nostro
1338 2876 1668 2934 coadiutore
1693 2878 1752 2932 di
1779 2888 1981 2948 questa
2009 2879 2167 2933 isola.

400 2976 545 3028 Pare
570 2976 678 3028 che
703 2974 783 3028 lui
810 2975 1084 3046 pretende
1110 2974 1245 3029 tirar
1270 2992 1479 3029 ancora
1511 2993 1613 3045 per
1650 2976 1793 3029 altra
1825 2975 1917 3030 via
1951 2975 1990 3029 il
2018 2977 2330 3046 guadagno

289 3071 398 3124 che
422 3071 538 3141 puo
564 3070 696 3124 dalli
723 3070 849 3125 suoi
876 3070 1041 3142 preti,
1072 3088 1182 3125 con
1208 3087 1352 3141 poco
1372 3072 1643 3141 scrupulo
1663 3071 1722 3124 di
1742 3071 2097 3137 conscienza,
2122 3072 2331 3142 perche

287 3167 362 3220 ha
405 3165 730 3222 dimandato
775 3186 809 3222 a
841 3168 1109 3223 ciascuno
1144 3185 1257 3221 vno
1290 3168 1470 3222 scudo
1486 3209 1498 3233 ,
1538 3185 1600 3222 se
1634 3167 1901 3239 vogliono
1937 3177 2147 3222 restare
2182 3168 2331 3223 nelle

286 3279 442 3328 cure,
474 3279 636 3319 corne
662 3262 709 3317 si
739 3264 915 3320 uedra
938 3283 1039 3335 per
1063 3282 1175 3318 vna
1202 3264 1329 3318 fede
1356 3264 1463 3319 che
1490 3265 1546 3318 fa
1571 3282 1648 3317 vn
1675 3271 1835 3334 prete
1867 3263 1924 3317 di
1961 3263 2085 3334 qui,
2118 3265 2171 3317 la
2198 3264 2331 3334 qual

286 3358 335 3414 si
361 3361 568 3415 manda
595 3379 704 3416 con
723 3369 926 3431 questa
952 3362 992 3416 ⁸.

379 3609 395 3636 ¹
458 3610 550 3656 Sti.
577 3611 802 3670 Georgii.

382 3687 400 3713 ²
462 3686 679 3743 Jacobus
700 3685 839 3731 Santi
860 3686 923 3731 da
943 3686 1092 3731 Mara.

387 3759 406 3785 ⁸
466 3759 537 3804 Ea
557 3766 653 3818 est,
674 3774 819 3819 quam
841 3761 1007 3806 statim
1028 3761 1219 3819 damus,
1242 3762 1386 3820 hujus
1407 3762 1547 3821 quasi
1568 3762 1905 3822 appendicem.

523 3847 766 3885 Ernroun
790 3849 973 3891 Μαι-ΑΒ.
997 3859 1094 3886 τοι.
1125 3859 1187 3887 m.
2028 3851 2071 3885 1¹
