2638 4334
1103 297 1154 343 18
1186 298 1380 342 MARTu
1417 307 1433 341 1
1443 295 1529 354 553
2192 298 2274 356 187

290 425 444 499 duali
482 446 582 500 per
617 426 751 482 tutti
787 428 868 498 gl’
905 424 1119 481 homini
1152 426 1226 480 da
1263 425 1407 480 bene
1441 425 1532 478 ch’
1573 431 1798 479 temeno
1835 424 1974 493 Idio,
2017 445 2048 482 e
2087 426 2335 482 credeno

293 534 443 581 tutto
469 525 602 596 quel
629 525 720 578 ch'
759 524 929 580 crede
962 524 1017 578 la
1050 530 1215 578 santa
1249 521 1443 577 madre
1482 518 1715 587 chiesia‚
1759 520 1919 574 siano
1958 521 2087 576 stati
2129 526 2330 592 appro-

293 620 429 686 bati,
460 619 664 685 tenuti,
695 619 1029 687 accarezati,
1059 617 1252 684 amati,
1282 635 1315 672 e
1342 618 1455 673 ben
1483 614 1701 682 ueduti,
1732 633 1896 670 como
1931 617 1977 670 si
2012 616 2258 673 richiede
2300 635 2333 670 a

292 716 425 789 par-i
438 715 585 782 suoi,
616 733 650 769 e
676 725 879 787 questo
907 734 1006 787 per
1032 716 1085 772 le
1110 715 1148 768 Γ
1178 716 1305 769 hor'
1336 715 1485 769 bone
1512 730 1683 784 opere
1710 714 1801 766 ch’
1830 712 1888 765 in
1917 722 2115 782 questa
2149 713 2335 768 insula

292 831 405 868 ano
432 813 572 867 fatto
600 832 633 868 e
660 830 811 867 uano
839 810 1199 883 giornalmeti
1227 810 1521 875 faccendO,
1553 818 1608 864 et
1636 808 1692 863 io
1727 826 1841 862 non
1875 809 2108 864 credaro
2147 811 2235 863 ch'
2274 809 2332 862 in

290 903 428 964 cosa
451 909 657 963 alcuna
686 910 871 964 MonS.
910 909 1139 963 Rev.mo
1173 906 1385 978 potessi
1423 905 1602 961 uenir'
1642 905 1738 976 piu
1777 922 1908 958 cosa
1947 904 2262 959 necessaria
2301 923 2335 958 a

288 1013 491 1075 questa
511 1022 725 1075 pouera
745 1004 949 1069 insula,
973 1003 1066 1058 ch'
1090 1003 1281 1073 quello
1301 1005 1359 1056 n’
1384 1021 1417 1056 a
1438 1001 1696 1073 prouisto
1716 1000 2122 1071 lomnipotente
2141 1001 2259 1054 Idio
2280 1002 2335 1053 la

290 1100 483 1158 Sans&
517 1101 574 1156 di
600 1103 672 1157 N.
707 1102 767 1158 S.
799 1119 910 1156 con
937 1098 1032 1155 uoi
1059 1099 1187 1154 altri
1214 1099 1431 1171 signori
1466 1098 1685 1170 prelati.
1718 1099 1791 1151 Et
1826 1105 2027 1166 questo
2061 1099 2151 1150 ch'
2181 1096 2332 1162 dico,

291 1198 330 1253 il
355 1198 484 1253 dico
510 1200 718 1270 perche
746 1215 926 1269 prouo
951 1197 1066 1251 don
1100 1197 1372 1252 Emanoel
1407 1198 1580 1252 esser’
1619 1203 1769 1250 stato
1802 1193 1862 1247 in
1899 1210 2031 1248 casa
2065 1201 2258 1247 nostra
2294 1192 2334 1246 il

293 1295 486 1366 spazio
514 1295 572 1349 di
599 1293 786 1366 giomi
815 1307 885 1363 50
912 1292 1142 1361 incirca,
1173 1310 1206 1348 e
1234 1293 1608 1348 trouandome
1628 1290 1683 1346 io
1703 1298 1863 1345 tanto
1882 1291 1955 1344 da
1982 1290 2042 1346 S.
2075 1291 2144 1344 R.
2170 1288 2332 1359 spiri-

293 1392 605 1447 tualmente
633 1389 943 1462 assigniato
971 1408 1004 1444 a
1030 1407 1122 1445 me
1147 1407 1180 1444 e
1209 1387 1343 1443 tutti
1369 1387 1550 1443 nostri
1574 1386 1769 1454 suditi,
1801 1385 1987 1440 mastii
2014 1394 2071 1442 et
2107 1385 2332 1450 femine,

292 1505 434 1542 sono
458 1495 627 1553 stat0,
659 1505 761 1558 per
786 1486 840 1540 la
860 1485 1085 1541 calunia
1106 1504 1139 1540 a
1157 1486 1194 1538 Γ
1219 1487 1360 1540 horo
1383 1485 1541 1550 satta,
1566 1482 1850 1555 per-uenir
1869 1482 1924 1537 io
1942 1481 2019 1536 im
2041 1499 2282 1553 persona
2304 1500 2338 1535 a

293 1585 492 1650 Roma,
534 1602 568 1638 a
606 1584 830 1654 probar’
875 1591 1026 1637 tutto
1071 1582 1110 1637 il
1153 1580 1437 1637 contrario
1470 1580 1528 1635 di
1573 1581 1762 1651 quello
1795 1582 1827 1635 e
1863 1587 2011 1634 stato
2045 1578 2242 1633 scritto
2278 1578 2335 1631 in

292 1680 330 1733 Γ
361 1681 487 1734 hor'
516 1679 721 1734 caric0.
756 1679 926 1735 Siche
952 1687 1167 1749 quanto
1193 1698 1227 1735 a
1259 1697 1350 1734 me
1385 1678 1466 1750 gli
1502 1679 1559 1732 fo
1597 1678 1724 1733 fede
1759 1695 1916 1733 esser
1949 1677 1987 1729 Γ
2029 1677 2170 1730 horo
2204 1675 2336 1744 quei

290 1775 505 1831 homini
530 1775 807 1847 spirituali
835 1795 868 1832 e
894 1774 1116 1831 catolici
1143 1778 1234 1830 ch’
1272 1777 1348 1829 m’
1387 1793 1587 1830 auesse
1621 1773 1733 1828 mai
1766 1781 1971 1845 potuto
2005 1771 2337 1843 dessignare

287 1871 347 1927 in
374 1890 709 1944 recuperare
735 1873 807 1929 de
834 1881 1049 1943 quanto
1076 1872 1263 1928 auessi
1290 1880 1523 1944 operato
1548 1871 1588 1925 il
1621 1870 1829 1926 nimico
1855 1878 2055 1924 contro
2090 1868 2184 1923 noi
2220 1869 2304 1922 far
2363 1884 2368 1889 ·

289 1970 413 2024 celo
439 1968 779 2039 acquistare.
812 1971 860 2024 E
886 1971 1024 2041 pero
1050 1987 1231 2041 prego
1257 1987 1290 2024 e
1317 1950 1536 2039 suplico
1561 1969 1635 2024 V.
1675 1967 1737 2024 S.
1777 1969 1932 2021 R.ma
1983 1968 2072 2020 ch’
2116 1983 2217 2036 per
2250 1966 2333 2019 la-

286 2068 427 2120 mor’
459 2067 515 2119 d'
546 2065 686 2132 Idio,
711 2083 811 2136 per
831 2068 1006 2121 amor'
1029 2065 1087 2120 di
1114 2066 1152 2118 Γ
1175 2068 1299 2120 hor’
1321 2066 1472 2122 bone
1492 2082 1683 2136 opere,
1709 2082 1742 2119 e
1767 2063 1825 2118 di
1852 2064 1891 2117 Γ
1914 2065 2038 2117 hor’
2063 2079 2331 2117 reueren-

289 2162 375 2218 zie
411 2163 501 2216 col
535 2162 592 2216 di
627 2180 738 2228 me,
778 2161 859 2234 gli
898 2161 1090 2233 uoglia
1124 2164 1280 2217 auer'
1318 2180 1543 2233 sempre
1576 2179 1677 2232 per
1710 2159 2116 2224 racomandati,
2148 2176 2180 2212 e
2218 2176 2333 2211 non

288 2259 407 2313 dar’
437 2258 654 2314 credito
681 2258 1004 2314 facilmente
1031 2277 1064 2313 a
1090 2259 1277 2328 quelle
1296 2275 1539 2330 persone
1557 2259 1648 2312 ch’
1674 2275 1815 2312 sono
1834 2255 2083 2327 maligne
2103 2275 2134 2310 e
2161 2274 2334 2311 senza

289 2373 432 2426 poco
459 2354 644 2409 timor’
674 2356 746 2411 de
767 2356 905 2410 Idio.
938 2357 984 2409 E
1011 2363 1215 2425 questo
1242 2355 1551 2426 uogliando
1578 2355 1784 2409 alcuna
1811 2371 2051 2423 persona
2083 2352 2333 2407 scriuere

287 2469 322 2506 o
351 2453 509 2507 auer’
539 2453 699 2509 detto
725 2452 785 2506 in
812 2452 1000 2507 carico
1028 2454 1065 2506 Γ
1096 2454 1238 2506 horo
1265 2452 1469 2507 alcuna
1496 2470 1654 2520 cosa,
1683 2469 1784 2523 per
1810 2450 1850 2504 il
1883 2450 2049 2520 quale
2082 2449 2193 2504 essi
2230 2467 2317 2504 ue-

285 2547 504 2603 nissero
530 2567 565 2603 a
590 2548 786 2620 partir²
815 2548 1157 2605 detrimento
1176 2549 1249 2602 de
1267 2550 1496 2615 honor’‚
1522 2549 1595 2603 V.
1627 2549 1689 2604 S.
1723 2550 1878 2602 Rma
1906 2546 1982 2600 mi
2004 2546 2122 2601 fara
2143 2545 2337 2616 grazia

286 2645 520 2702 sarmelo
566 2644 882 2712 intendere,
932 2647 1102 2700 affine
1147 2648 1238 2700 ch’
1287 2645 1343 2699 io
1377 2645 1459 2717 gli
1492 2663 1664 2715 possa
1691 2645 1827 2700 dare
1860 2642 2136 2697 discarico
2180 2642 2252 2696 de
2279 2642 2335 2695 13

287 2743 325 2796 Γ
355 2744 478 2797 hor’
509 2741 814 2798 inocentia.
845 2744 892 2797 E
913 2743 1141 2812 quando
1161 2761 1295 2798 cosa
1320 2743 1525 2797 alcuna
1554 2742 1855 2806 facessem,
1882 2758 1982 2811 per
2002 2740 2041 2793 il
2059 2740 2191 2808 qual
2212 2756 2329 2792 non

289 2855 518 2908 pai-esse
561 2840 653 2893 ch'
702 2839 870 2894 stessi
909 2840 1158 2896 secondo
1204 2840 1258 2893 13
1304 2840 1536 2894 uolonta
1575 2839 1648 2894 de
1683 2837 1822 2902 Idio,
1853 2837 1926 2892 de
1951 2837 2006 2890 la
2033 2834 2239 2889 santita
2274 2834 2330 2887 di

289 2935 363 2989 N.
395 2934 481 3000 S.‚
512 2953 545 2990 e
571 2934 629 2989 di
656 2936 729 2990 V.
762 2936 848 3002 S„
880 2937 992 2992 mel
1020 2937 1139 2991 fara
1158 2935 1474 2999 intendere,
1499 2935 1708 3006 perche
1730 2941 1888 2987 tanto
1914 2931 2037 2986 diro
2063 2930 2121 2983 in
2142 2931 2180 2983 Γ
2204 2932 2328 2983 hor’

291 3029 594 3101 preiuditio
638 3050 739 3102 per
784 3033 838 3087 la
885 3032 1086 3099 uerita,
1128 3042 1343 3103 quanto
1381 3031 1436 3085 in
1466 3033 1503 3084 l’
1544 3034 1664 3085 hor'
1703 3028 1991 3096 benefiti0‚
2030 3046 2063 3081 a
2095 3028 2207 3081 ben
2234 3027 2327 3079 ch'

288 3128 518 3196 quando
531 3128 649 3182 cosi
670 3127 717 3184 si
741 3129 882 3183 fussi
901 3129 1299 3200 cognosciuto,
1324 3128 1364 3182 il
1378 3129 1636 3184 medemo
1650 3126 1698 3181 si
1719 3127 1956 3181 sarebbe
1975 3126 2151 3178 detto.
2182 3125 2284 3176 Per
2292 3124 2328 3174 ὠ

290 3222 388 3294 piu
414 3241 490 3295 po
515 3225 570 3279 la
595 3225 772 3280 bonta
804 3244 836 3280 e
872 3225 1258 3282 misericordia
1292 3226 1364 3282 de
1403 3225 1522 3279 Idio
1560 3227 1652 3279 ch’
1690 3226 1743 3277 le
1782 3221 2049 3293 malignie
2087 3237 2327 3291 persone

286 3321 377 3374 ch’
408 3339 523 3375 non
550 3322 796 3376 credeno
822 3321 880 3376 in
907 3321 1006 3388 lui,
1038 3331 1097 3377 et
1121 3324 1212 3376 ch’
1242 3322 1448 3376 dicono
1475 3330 1673 3375 contra
1698 3318 1870 3389 quelli
1898 3320 1989 3372 ch'
2019 3333 2328 3371 osset-uano

283 3414 300 3469 i
327 3415 453 3470 suoi
481 3417 957 3485 comandamenti,
989 3437 1024 3474 e
1050 3427 1229 3490 tengo
1258 3436 1358 3489 per
1387 3418 1564 3473 fermo
1599 3419 1690 3471 ch’
1730 3414 1862 3470 tutti
1899 3412 2069 3484 quelli
2108 3414 2198 3466 ch'
2237 3411 2323 3463 di-

282 3529 428 3566 cono
453 3522 512 3567 et
537 3515 690 3568 hano
715 3515 877 3569 detto
905 3524 1104 3570 contra
1131 3514 1243 3571 essi
1272 3514 1463 3582 Padri,
1494 3517 1600 3568 che
1627 3515 1717 3568 col
1745 3526 1933 3582 tempo
1959 3530 2033 3566 ne
2059 3525 2270 3563 uerano
2291 3526 2324 3560 a

283 3607 482 3678 patire.
515 3610 562 3663 E
588 3612 787 3665 sarebe
815 3611 1134 3666 necessario
1170 3611 1337 3682 fargli
1364 3628 1713 3682 cognoscere
1748 3629 1781 3663 a
1815 3608 2149 3679 impugnare
2184 3622 2322 3658 con-

287 3712 374 3758 tra
416 3704 588 3773 quelli
634 3708 726 3760 ch’
767 3708 1000 3779 parlano
1040 3717 1097 3764 et
1135 3706 1342 3762 dicono
1374 3707 1427 3761 le
1462 3723 1594 3762 cose
1627 3706 1918 3777 spirituale
1957 3703 2016 3757 in
2042 3711 2214 3772 ayuto
2253 3701 2323 3753 de

287 3801 324 3852 Γ
349 3799 555 3866 anime,
587 3801 744 3857 300ἱὸ
772 3803 912 3857 fussi
939 3805 1197 3874 exemplo
1224 3805 1339 3875 agl'
1370 3802 1514 3857 altri.
1548 3802 1715 3857 Circa
1742 3810 1943 3872 questo
1971 3818 2085 3855 non
2112 3798 2186 3851 mi
2232 3814 2320 3850 es-
