2638 4334
1027 299 1082 345 15
1113 288 1420 334 Dsscmms
1454 286 1568 345 1553
1841 293 1853 299 ⁷
2164 284 2253 340 663

376 417 449 472 Di
479 417 741 473 Valentia
767 419 845 472 ho
867 415 1128 473 riceuuto
1153 416 1358 471 lettere
1377 415 1450 469 de
1477 414 1592 470 mio
1619 418 1814 487 padre,
1838 420 1911 476 de
1937 439 1974 492 9
1991 420 2047 475 di
2070 440 2309 477 nouem-

264 515 384 571 bre.
419 517 512 570 Me
538 513 807 593 scriuono
833 530 994 568 come
1025 514 1327 568 haueuano
1361 510 1548 567 littere
1574 512 1668 582 del
1705 515 1888 571 Padre
1917 518 1975 571 M
1985 559 1996 570 .
2037 519 2219 573 Nadal
2239 521 2310 574 de

275 626 337 678 13
356 611 414 663 d’
430 595 657 675 Agost'o
677 619 736 666 et
754 609 810 664 di
844 625 906 679 13
927 608 984 663 di
1003 609 1347 673 Settembre,
1360 608 1509 662 nelle
1529 609 1697 677 quale
1725 604 1872 665 daua
1892 611 2052 667 auiso
2072 632 2236 685 sopra
2257 617 2309 669 la

266 705 597 761 fundatione
606 706 698 760 del
718 705 962 776 collegio
981 704 1040 759 di
1061 703 1351 770 Coimbra,
1367 711 1426 759 et
1444 720 1606 758 corne
1627 712 1791 759 staua
1812 724 1911 775 per
1932 708 2192 777 partir’se
2213 730 2312 781 per

266 802 532 856 Cordoua
558 820 667 856 con
694 803 747 858 el
770 802 953 856 Padre
973 803 1019 856 F
1022 817 1310 856 rances00.
1340 799 1448 854 Piu
1469 817 1562 856 me
1582 799 1769 856 scriue
1795 801 1909 855 mio
1930 805 2123 873 padre,
2147 823 2309 862 come

265 899 317 952 13
342 901 636 953 marchesa
661 899 732 952 de
762 899 895 952 Elce
928 899 939 924 ¹
970 898 1026 952 lo
1053 897 1260 951 mando
1287 914 1321 950 a
1340 894 1636 962 chiamar',
1667 905 1726 951 et
1750 898 1803 953 13
1842 898 1992 954 (11333
2019 917 2179 956 come
2206 904 2307 956 ha·-

264 1013 408 1049 ueua
438 1013 551 1049 una
577 996 780 1048 lettera
810 993 866 1048 di
895 994 1010 1047 don
1037 991 1381 1058 TheutoniO,
1422 992 1641 1047 fratello
1679 1011 1805 1059 su0,
1844 994 2040 1050 scritta
2074 995 2131 1049 in
2161 997 2307 1051 Villa

265 1090 484 1146 Uitiosa
509 1092 581 1145 de
609 1106 676 1145 22
705 1092 762 1144 d'
794 1090 1057 1155 Ottobre‚
1088 1091 1196 1143 che
1221 1097 1387 1142 staua
1419 1088 1660 1143 infermo
1694 1088 1752 1143 in
1779 1107 1912 1145 casa
1942 1091 2090 1146 della
2116 1094 2307 1147 madre

261 1205 382 1253 sua,
414 1197 473 1242 et
498 1187 557 1241 in
583 1205 710 1242 essa
737 1186 774 1240 li
795 1186 983 1242 scriue
1002 1194 1205 1255 questo
1224 1184 1489 1255 capitolo

373 1294 392 1319 ²
422 1294 657 1349 Nueuas
683 1293 755 1347 de
781 1296 928 1362 aqua
962 1307 1076 1345 non
1104 1307 1201 1346 303
1235 1308 1347 1344 aun
1386 1298 1483 1344 tan
1518 1281 2045 1361 particularrnente:
2076 1293 2199 1346 solo
2235 1295 2303 1348 de

261 1391 315 1444 13
341 1388 520 1455 India,
559 1391 666 1444 che
693 1406 799 1443 nos
825 1390 941 1442 han
964 1386 1203 1443 mettido
1228 1392 1262 1441 3
1288 1403 1476 1441 remos
1509 1387 1595 1441 los
1623 1397 1818 1442 turcos
1849 1388 1955 1442 dos
1980 1390 2298 1444 hermanos.

260 1488 406 1541 Otro
432 1504 537 1540 nos
562 1487 677 1539 han
704 1494 948 1550 muerto,
980 1501 1197 1554 porque
1223 1482 1374 1538 disse
1402 1502 1479 1538 no
1507 1502 1845 1553 quemassen
1874 1484 1929 1538 la
1954 1483 2156 1556 iglesia
2195 1487 2237 1550 ³,
2267 1505 2303 1555 y

256 1584 311 1636 lo
338 1591 594 1638 tenemos
630 1600 729 1652 per
763 1589 1031 1651 martyre,
1082 1598 1116 1634 a
1148 1588 1303 1634 otros
1336 1582 1451 1635 han
1486 1582 1719 1635 saetado
1764 1599 1802 1650 y
1828 1580 2188 1636 uoluieronse
2222 1582 2303 1635 las

255 1687 467 1735 saettas
492 1697 562 1734 en
591 1679 677 1732 103
703 1695 816 1747 que
841 1678 925 1732 las
953 1675 1194 1731 tirauan.
1221 1678 1315 1731 Ha
1334 1677 1576 1748 alagado
1597 1686 1834 1732 nuestro
1861 1678 2044 1734 Sefior
2071 1677 2298 1732 tanbien

256 1794 369 1830 una
394 1774 621 1842 ciudad,
650 1793 762 1845 que
791 1773 942 1830 tenia
968 1773 1162 1828 buelto
1190 1779 1223 1828 3
1250 1792 1350 1828 sus
1374 1774 1681 1844 ydolatrias
1707 1793 1744 1844 y
1769 1775 1892 1829 solo
1909 1775 2099 1843 quedo
2122 1775 2175 1829 el
2202 1792 2299 1828 co-

255 1871 428 1943 llegio
454 1873 526 1928 de
552 1873 607 1927 la
631 1873 945 1942 Compafiia
970 1871 1013 1925 ⁴.
1044 1871 1175 1925 Non
1200 1870 1324 1926 dise
1349 1879 1503 1925 otras
1531 1888 1769 1925 nueuas.

368 1969 570 2026 Scriue
596 1970 844 2023 anchora
869 1985 1033 2024 come
1051 1966 1165 2023 mia
1183 1967 1388 2022 sorella
1407 1969 1426 1996 ⁵
1447 1977 1613 2022 staua
1648 1966 1962 2038 indisposta
1986 1968 2081 2023 nel
2105 1985 2295 2038 corp0,

254 2068 311 2119 d'
352 2084 464 2120 una
497 2063 892 2135 indisposition
926 2063 1245 2130 fastidiosa,
1284 2072 1342 2119 et
1375 2082 1475 2134 per
1507 2063 1651 2131 altre
1681 2063 1844 2120 litere
1878 2062 2112 2119 intendo
2139 2081 2299 2118 come

253 2171 340 2218 sta
387 2161 726 2232 trauagliata
769 2162 863 2216 nel
914 2159 1132 2231 spirit0,
1188 2162 1279 2214 ch'
1334 2161 1388 2215 31
1433 2159 1631 2231 signor
1682 2159 1840 2214 Iddio
1877 2161 1931 2214 la
1977 2159 2143 2215 uisita
2189 2178 2296 2214 con

251 2259 470 2330 grande
496 2257 758 2312 tristezza
784 2265 842 2311 et
866 2257 1236 2325 desolatione,
1266 2259 1358 2310 ch'
1387 2258 1463 2311 ha
1494 2257 1553 2310 di
1581 2256 1827 2328 bisogno
1854 2257 2030 2311 molto
2062 2258 2118 2310 d’
2142 2275 2298 2312 esser

252 2355 508 2427 agiutata
533 2355 680 2409 colle
707 2353 966 2409 orationi.
997 2353 1268 2424 Supplico
1294 2372 1328 2408 a
1355 2355 1428 2409 V.
1463 2356 1529 2408 P.
1569 2362 1785 2423 quanto
1826 2371 1992 2424 posso
2019 2353 2079 2407 in
2112 2353 2296 2408 visce—

252 2451 407 2506 ribus
425 2454 567 2524 Jesu
601 2450 719 2516 X.i‚
751 2453 858 2505 che
890 2451 931 2503 l'
959 2449 1168 2505 habbia
1196 2469 1296 2520 per
1322 2450 1709 2505 ricomandata
1746 2451 1892 2505 nelle
1926 2467 2025 2504 soe
2059 2450 2296 2504 orationi

249 2563 308 2603 et
331 2547 612 2614 sacrificii,
643 2557 702 2602 et
735 2550 842 2604 che
873 2548 929 2602 la
963 2547 1109 2602 facia
1142 2547 1559 2602 ricommandar
1590 2547 1648 2601 in
1677 2566 1809 2602 casa
1841 2556 1900 2602 et
1932 2547 2193 2618 collegio.
2234 2548 2294 2602 Si

249 2654 489 2699 trouano
515 2647 767 2700 anchora
794 2645 968 2699 molto
994 2643 1232 2699 desolati
1259 2663 1361 2715 per
1386 2663 1502 2698 non
1529 2644 1760 2700 esser’ci
1791 2663 1903 2699 una
1941 2662 2181 2714 persona
2200 2663 2293 2698 se-

249 2742 499 2812 gnalata,
526 2742 858 2797 hauendose
900 2740 1108 2812 partito
1134 2741 1175 2795 il
1203 2743 1269 2796 Ρ.
1303 2741 1560 2812 Baptista
1586 2744 1605 2770 6
1637 2760 1736 2812 per
1764 2741 2069 2795 Barselona
2095 2759 2128 2794 a
2162 2759 2290 2810 pre-

249 2836 423 2892 dicar’
447 2846 650 2908 questo
670 2839 946 2906 aduento,
968 2846 1046 2903 et,
1078 2839 1328 2894 secondo
1354 2839 1433 2893 lui
1461 2857 1553 2894 me
1579 2838 1786 2903 scriue,
1812 2855 2063 2907 pensaua
2083 2836 2139 2890 di
2161 2856 2290 2906 pre-

246 2932 423 2987 dicar’
450 2934 506 2988 la
531 2934 968 3006 quadragesima
994 2934 1054 2988 in
1082 2934 1439 3002 Ontiniente,
1464 2937 1613 2989 doue
1640 2933 1869 3004 predico
1895 2934 1947 2987 la
1969 2934 2289 3003 quadrage—

321 3152 331 3176 *
396 3150 587 3207 Joanna
606 3149 669 3194 de
691 3151 959 3208 Braganca,
984 3151 1333 3196 marchionissa
1354 3151 1416 3196 de
1440 3152 1590 3196 Elche
1605 3186 1617 3208 ,
1655 3166 1779 3209 quae
1818 3155 2049 3207 nupserat
2086 3150 2286 3193 Bernar-

242 3222 358 3267 dino
378 3222 441 3268 de
462 3221 712 3268 Cardenas
732 3230 783 3268 et
804 3225 1032 3282 Velasco,
1054 3226 1275 3285 protegis
1291 3225 1528 3271 valentini
1550 3225 1665 3271 filio.

316 3300 334 3324 ²
398 3296 477 3341 Ad
499 3297 768 3355 marginem
791 3298 1029 3357 epistolae
1051 3301 1252 3360 antiqua
1274 3314 1446 3345 manus
1470 3300 1685 3359 scripsit:
1713 3298 1927 3343 «India.»

318 3373 337 3397 ³
400 3370 498 3429 Agi
520 3370 715 3416 videtur
735 3372 798 3416 de
821 3373 901 3418 Fr.
933 3373 1185 3420 Ludovico
1215 3374 1446 3420 Mendez.
1489 3375 1614 3419 Rem
1645 3381 1806 3418 narrat
1841 3372 2144 3426 POLANCUS‚
2176 3381 2211 3416 t.
2235 3383 2287 3426 11,

244 3460 359 3503 pag·
390 3455 496 3502 779,
519 3445 627 3504 780,
649 3460 699 3490 n·
722 3455 828 3502 757·

316 3522 336 3547 ⁴
399 3519 580 3564 «Tecta
598 3519 760 3564 omnia
775 3519 955 3575 diruta,
973 3526 1167 3579 praeter
1182 3536 1332 3567 unum
1350 3522 1598 3581 pusillum,
1616 3522 1796 3579 templo
1812 3535 1967 3579 nuper
1982 3533 2157 3565 everso
2173 3534 2284 3565 con-

239 3593 447 3651 tiguum,
485 3593 616 3652 quod
651 3592 812 3638 fuerat
835 3593 1097 3640 Societatis
1125 3595 1353 3641 Patribus
1389 3596 1711 3641 diversorium
1738 3611 1759 3635 »
1793 3593 2110 3650 Onmnmm,
2146 3595 2280 3639 Hist.

241 3666 348 3711 Soc.
363 3666 492 3725 Jes.‚
517 3667 605 3712 lib.
637 3678 726 3723 xn,
750 3682 805 3712 n.
839 3666 944 3712 131.

315 3741 334 3768 ⁸
396 3740 685 3799 Magdalena
708 3740 948 3799 Angelica
967 3742 1269 3788 Domenech.

314 3815 332 3842 ⁸
394 3815 609 3872 Joannes
631 3815 746 3860 Bta.
774 3814 837 3859 de
858 3815 1048 3860 Barma.
1069 3817 1195 3861 Vide
1213 3818 1357 3876 epist.
1378 3816 1486 3877 703,
1504 3833 1615 3877 pag.
1636 3819 1739 3873 587,
1764 3825 1813 3860 et
1837 3816 1979 3868 infra,
2003 3815 2149 3875 epist.
2172 3814 2275 3871 743.
