2638 4334
530 322 588 379 78
1148 322 1439 367 ΕΡιετοιΑε
1472 319 1516 363 Μ
1523 328 1736 364 ικτΑις-
1742 327 1792 374 51
1803 315 1829 361 5

471 468 596 517 sc0,
632 468 733 522 per
769 450 803 504 ’l
835 450 1117 523 colleggio
1151 451 1288 505 loro,
1331 434 1376 504 E
1415 447 1661 520 giouane
1694 445 1752 501 di
1786 446 2003 518 grande
2036 444 2376 518 semplicita,
2419 455 2497 515 et,

471 564 630 602 come
656 564 810 618 pare,
839 546 1043 619 purita.
1078 549 1187 603 Per
1213 554 1364 601 certe
1392 541 1652 616 raggioni
1680 560 1741 598 se
1767 560 1908 597 sono
1936 542 2155 598 fermati
2175 541 2272 613 qui
2291 541 2386 598 doi
2411 541 2492 598 di.

581 643 746 699 Oltra
773 642 831 698 di
851 653 1052 715 quest)
1074 645 1143 700 V.
1172 645 1237 698 R.
1264 641 1555 696 intendera
1575 638 1633 693 in
1654 639 1786 709 qual
1807 647 1955 694 stato
1980 638 2139 695 siano
2159 640 2212 694 le
2231 657 2365 695 cose
2389 656 2494 694 no-

469 747 583 795 stre
607 740 660 795 al
690 748 951 812 presente
977 739 1124 796 circa
1150 740 1297 796 della
1324 735 1648 793 fondatione
1674 736 1765 792 del
1791 735 2083 808 colleggio
2109 744 2305 792 nostro
2344 737 2381 791 ¹.
2419 735 2493 792 Di

468 844 722 892 certezza
748 855 863 892 non
887 836 1184 892 habbiamo
1210 837 1453 892 anchora
1474 832 1685 900 niente,
1709 850 1801 887 ma
1819 832 1933 889 ben
1953 850 2227 904 speranza
2252 833 2489 905 grande,

467 931 514 988 si
535 931 944 1005 risguardiamo
964 934 1016 989 la
1037 934 1269 989 uolunta
1289 931 1380 987 del
1403 932 1556 985 R.1110
1572 928 1857 984 cardinale
1877 938 2071 984 nostro
2091 929 2135 985 ³.
2158 928 2220 987 Si
2241 929 2493 1002 risguar-

463 1027 649 1085 diarno
674 1029 764 1103 poi
793 1029 873 1102 gli
900 1027 1283 1102 impedimenti
1311 1030 1416 1083 che
1443 1045 1504 1083 se
1531 1042 1848 1096 scuoprano
1875 1024 2011 1097 ogni
2051 1026 2130 1095 di,
2168 1044 2284 1081 non
2309 1044 2375 1082 so
2398 1028 2490 1081 ch'

464 1127 538 1182 ha
562 1126 635 1182 da
659 1143 864 1183 essere.
898 1127 1014 1183 Sua
1042 1125 1179 1182 S‚ria
1215 1126 1366 1180 R.ma
1402 1124 1527 1178 s'ha
1554 1130 1943 1194 apertamente
1962 1120 2288 1178 dechiarato
2308 1141 2343 1178 a
2361 1122 2493 1193 quei

463 1223 611 1278 della
638 1222 926 1279 fraternita
952 1222 1100 1278 circa
1135 1223 1206 1278 de
1239 1221 1369 1292 quel
1403 1221 1578 1292 luogo
1611 1219 1702 1274 del
1736 1236 1979 1275 comune
2014 1221 2120 1274 che
2155 1217 2349 1291 uoglie
2386 1221 2494 1275 che

465 1318 825 1386 l'hahhiamo,
857 1338 955 1391 per
982 1319 1019 1374 il
1045 1321 1150 1375 che
1177 1337 1238 1374 se
1267 1318 1435 1373 fanno
1465 1314 1611 1372 assai
1638 1314 1839 1388 grandi
1866 1314 2097 1370 lamenti
2116 1315 2165 1371 si
2182 1314 2317 1370 dani
2335 1332 2486 1371 mae-

462 1415 583 1484 stri,
614 1417 660 1471 si
685 1416 853 1473 etiam
880 1417 1026 1472 dalla
1050 1414 1400 1487 compagnia,
1432 1414 1568 1480 cosi,
1600 1414 1789 1480 cred0,
1831 1430 2019 1468 mossa
2043 1430 2143 1485 per
2168 1411 2294 1469 'essi
2332 1430 2490 1470 mae-

463 1513 584 1580 stri,
615 1512 653 1567 li
680 1512 830 1584 quali
858 1512 1097 1569 tuttauia
1124 1531 1184 1569 se
1210 1513 1472 1568 sforzano
1496 1506 1823 1583 persuader’
1846 1510 1901 1566 13
1918 1527 2112 1567 nuoua
2138 1518 2335 1566 nostra
2359 1510 2488 1566 dot-

461 1610 606 1665 trina
630 1627 784 1666 esser
810 1627 968 1666 come
995 1609 1204 1677 niente,
1236 1618 1292 1666 et
1330 1608 1410 1681 gli
1443 1606 1591 1680 putti
1627 1626 1744 1664 non
1779 1625 1975 1679 posset
2000 1606 2228 1679 capirla.
2256 1608 2328 1663 Et
2353 1607 2489 1680 pero

457 1706 697 1765 essendo
722 1706 926 1781 priuati
953 1709 1024 1764 de
1051 1708 1181 1778 quel
1207 1707 1400 1779 luogo,
1433 1724 1547 1762 non
1574 1706 1773 1763 restar'
1802 1705 1902 1777 piu
1928 1723 2204 1778 speranza
2227 1704 2391 1777 quasi
2416 1706 2489 1762 de

458 1803 610 1859 studi
635 1803 751 1876 qui,
775 1806 1014 1873 benche,
1037 1805 1179 1859 oltra
1200 1803 1257 1859 di
1278 1811 1500 1875 questo,
1525 1813 1688 1859 sento
1709 1812 1887 1859 temer
1906 1804 2089 1859 anche
2109 1803 2268 1859 detta
2286 1803 2489 1861 frater-

459 1900 578 1957 nita
603 1901 818 1959 d'esser
844 1899 1063 1975 priuata
1087 1902 1158 1957 de
1191 1901 1348 1957 detto
1380 1901 1585 1972 luog0,
1626 1900 1775 1956 nella
1808 1898 1902 1955 cui
1937 1898 2130 1957 chiesa
2167 1917 2230 1955 se
2265 1898 2489 1972 soglion

460 2014 797 2071 congregat,
826 1998 918 2055 del
952 1999 1082 2069 qual
1115 2000 1295 2055 anche
1329 2015 1469 2054 sono
1502 2017 1539 2053 o
1572 2015 1732 2054 corne
1767 1996 1989 2070 patroni
2025 2016 2060 2053 o
2095 1996 2483 2070 gouernatori.

459 2095 590 2150 Huc
616 2094 852 2162 accedit,
883 2097 988 2152 che
1022 2095 1101 2167 gli
1128 2095 1353 2152 maestri
1380 2094 1630 2167 perusini
1657 2094 1817 2152 siano
1843 2093 1963 2151 cosi
1992 2094 2167 2151 leuati
2192 2104 2250 2151 et
2282 2093 2487 2166 priuati

459 2190 550 2247 del
575 2191 750 2263 luogo
774 2192 894 2248 loro
920 2210 1021 2264 per
1045 2192 1170 2248 altri
1207 2191 1508 2260 forastieri,
1547 2194 1579 2249 e
1613 2210 1746 2248 cosa
1778 2191 2006 2270 difficile
2039 2210 2075 2248 a
2106 2190 2354 2265 digerire
2386 2210 2487 2263 per

457 2286 551 2343 chi
576 2287 869 2360 risguarda
894 2287 990 2361 piu
1015 2289 1068 2346 le
1094 2288 1430 2345 commodita
1457 2288 1751 2362 temporali
1776 2291 1883 2346 che
1907 2289 1963 2345 la
1996 2289 2233 2345 uolunta
2265 2287 2485 2344 d'Iddio

455 2392 513 2439 et
540 2383 635 2455 piu
663 2384 895 2441 seruitio
920 2404 1046 2441 suo,
1079 2387 1204 2444 Con
1230 2395 1429 2458 queste
1450 2386 1711 2460 raggioni
1731 2395 1790 2443 et
1807 2385 2158 2458 somiglianti
2175 2385 2225 2442 si
2243 2402 2485 2458 procura

457 2498 565 2536 con
611 2481 982 2553 grandissima
1025 2482 1318 2555 diligentia
1362 2483 1616 2556 impedir'
1655 2485 1893 2540 l'efl'etto
1935 2483 2085 2539 della
2119 2483 2356 2538 uolunta
2392 2483 2485 2539 del

455 2578 613 2633 detto
632 2579 812 2646 R.m0‚
837 2587 894 2636 et
914 2589 1113 2651 questo
1134 2599 1194 2638 se
1214 2580 1463 2637 sollecita
1482 2582 1555 2637 da
1575 2581 1788 2637 colloro
1808 2598 1909 2654 per
1926 2598 2121 2638 mezzo
2140 2580 2234 2636 del
2252 2578 2485 2652 signore

458 2673 667 2730 vicario
694 2676 714 2703 ⁸
742 2684 799 2731 et
825 2676 918 2732 del
944 2677 1245 2750 magnifico
1271 2679 1492 2735 dottore
1526 2681 1603 2735 M.
1647 2676 2084 2735 Marcanthonio
2118 2677 2161 2747 ⁴,
2191 2695 2292 2751 per
2330 2695 2485 2734 esser

455 2771 610 2843 degli
654 2771 751 2843 piu
794 2773 1070 2846 frequenti
1113 2775 1220 2830 alla
1257 2784 1411 2831 corte
1449 2777 1540 2833 del
1579 2775 1864 2832 cardinale
1904 2784 1961 2832 et
2000 2773 2182 2847 primi.
2226 2774 2299 2831 Et
2337 2774 2479 2843 loro,

455 2869 694 2925 essendo
721 2870 971 2925 huomini
999 2872 1280 2944 prudenti,
1311 2874 1599 2946 sappendo
1623 2876 1732 2931 che
1758 2874 1799 2929 ’l
1832 2875 1989 2930 R.m0
2018 2890 2115 2929 era
2141 2879 2356 2929 uenuto
2381 2889 2483 2943 per

453 2963 492 3019 il
517 2966 664 3023 bene
690 2967 835 3023 della
861 2966 1015 3035 citta,
1046 2977 1101 3025 et
1129 2969 1510 3028 consolatione
1534 2971 1607 3029 de
1631 2989 1777 3039 essa,
1807 2979 1866 3028 et
1892 2989 2011 3028 non
2030 2988 2132 3044 per
2157 2967 2476 3025 contristar'

453 3080 722 3131 nessuno,
754 3063 810 3118 in
838 3073 1050 3135 quanto
1078 3066 1159 3121 sia
1185 3067 1466 3138 possibile,
1490 3077 1549 3124 et
1568 3070 1810 3126 essendo
1830 3070 2013 3126 anche
2030 3068 2153 3124 loro
2171 3065 2480 3124 desiderosi

450 3159 541 3214 del
566 3168 877 3233 augmento
903 3162 993 3216 del
1019 3163 1171 3218 culto
1195 3164 1409 3234 diuino,
1439 3164 1476 3219 il
1502 3167 1609 3221 che
1634 3183 1876 3238 sperano
1903 3167 2081 3221 hauet
2106 3165 2180 3220 da
2213 3161 2348 3220 farsi
2379 3180 2482 3235 per

451 3255 759 3314 ministerio
805 3257 949 3312 della
994 3259 1343 3333 Compagnia
1389 3279 1668 3319 cercauan
1714 3263 1882 3319 modo
1923 3262 1997 3318 de
2043 3260 2278 3318 fatisiar'
2325 3269 2383 3316 et
2426 3258 2479 3314 al

452 3353 605 3407 Η.ωο
634 3362 691 3409 et
717 3353 809 3410 ani
835 3354 974 3411 detti
1002 3356 1145 3411 della
1174 3357 1482 3427 fraternita,
1514 3358 1573 3415 in
1601 3360 1676 3415 tal
1710 3360 1907 3428 mod0,
1944 3360 2052 3416 che
2087 3356 2315 3414 fossimo
2349 3354 2480 3427 qui-

452 3629 512 3675 88
540 3560 552 3587 ¹
582 3556 740 3676 8Elide
762 3571 923 3617 supra,
948 3558 1110 3618 Epist.
1143 3560 1348 3615 Mixtae,
1372 3568 1411 3608 t.
1443 3574 1495 3621 n,
1515 3576 1631 3623 pag.
1653 3572 1760 3621 755,
1778 3563 1884 3621 7613
1903 3559 2118 3618 828-8323
2141 3560 2230 3607 868
2251 3566 2304 3607 et
2319 3573 2478 3621 seqq.»

517 3640 559 3732 ι’,
619 3642 819 3751 “z-'vius
841 3705 901 3750 de
925 3707 967 3752 la
990 3708 1165 3755 Coma.

537 3779 555 3804 ³
615 3778 693 3824 Cf.
719 3779 987 3837 ΡοιΑκοο,
1012 3790 1045 3827 t.
1071 3794 1122 3840 n,
1146 3799 1254 3844 pag.
1279 3785 1383 3843 437,
1407 3801 1460 3833 n.
1490 3785 1564 3844 483
1590 3795 1631 3833 t.
1661 3798 1731 3843 m,
1756 3801 1872 3847 pag.
1900 3798 1978 3848 45,
2001 3802 2054 3834 n.
2084 3786 2162 3835 82.

536 3856 554 3882 ⁴
617 3853 804 3900 Marcus
829 3855 1068 3902 Antonius
1090 3857 1351 3907 Gradiuus.
