2638 4334
333 236 421 283 632
946 237 1247 284 prsromn
1278 233 1639 293 Mutus-716

1236 517 1276 568 θ
1286 516 1377 567 ΙΒ

824 628 1261 677 COMMUNITAS
1296 627 1787 676 MORBENIENSIS

671 735 934 790 PATRI
982 734 1358 790 IGNATIO
1412 734 1524 788 DE
1574 732 1939 789 LOYOLA

854 862 1129 899 uonnssmo
1154 863 1212 910 29
1234 860 1536 897 noveramus
1572 849 1686 908 1553
1712 853 1745 896 ¹.

271 957 327 1004 P.
350 956 596 1003 Andream
618 956 965 1004 Galvanellum
987 955 1116 1016 apud
1139 970 1192 1001 se
1215 955 1430 1000 retinere
1453 960 1710 1011 conantur;
1731 954 1781 1000 id
1798 960 1853 1000 ut
1874 969 1987 1001 cum
2004 956 2133 1001 bona
2154 955 2335 1014 Ignatii

937 1031 1082 1076 venia
1106 1029 1405 1090 perficiatur,
1435 1035 1661 1075 exorant.

389 1136 732 1194 Venerando
762 1136 947 1192 Padre
973 1135 1033 1190 in
1061 1135 1243 1192 Giessi
1272 1134 1521 1191 Christ0.
1563 1135 1796 1191 Auante
1832 1153 2072 1191 venesse
2107 1135 2164 1190 la
2197 1135 2337 1190 obe·

276 1232 489 1290 dientia
521 1234 594 1289 de
630 1235 703 1289 V.
744 1235 811 1290 R.
852 1232 1133 1306 paternita
1179 1233 1232 1288 al
1280 1240 1480 1287 nostro
1507 1232 1638 1286 dom
1685 1232 1920 1288 Andrea
1970 1232 2334 1301 Galuanello,

279 1333 600 1387 haueuamo
628 1329 812 1387 inteso
840 1332 948 1388 che
975 1348 1077 1402 per
1104 1348 1207 1386 sue
1234 1330 1457 1396 lettere,
1489 1328 1684 1384 scritte
1724 1348 1758 1384 a
1786 1330 1991 1400 quella,
2024 1330 2152 1385 dela
2177 1329 2339 1384 suffi-

281 1426 489 1483 cientia
516 1428 589 1484 de
615 1434 776 1499 prete
794 1427 1012 1501 Jacobo
1041 1425 1405 1498 Malagucino
1432 1434 1491 1481 et
1518 1427 1624 1481 che
1652 1444 1715 1482 se
1741 1425 1780 1480 li
1810 1427 2011 1482 faceua
2043 1426 2269 1481 fortuna
2309 1443 2342 1480 a

281 1541 451 1595 garta
497 1533 555 1581 et
590 1524 964 1591 emulatione,
1004 1542 1137 1580 cosa
1173 1523 1349 1578 molto
1388 1522 1768 1578 diffamatoria
1813 1523 1942 1580 dela
1994 1521 2343 1578 communita

281 1629 494 1687 nostra,
526 1628 582 1675 et
611 1619 1108 1692 particular-mente
1144 1620 1215 1675 de
1252 1619 1347 1675 noi
1384 1618 1533 1687 altri,
1564 1618 1649 1674 soi
1678 1619 1899 1691 agenti,
1932 1621 2085 1677 vnde
2122 1619 2179 1674 lo
2212 1637 2342 1691 pre-

279 1734 543 1789 gassemo
578 1735 694 1772 non
729 1735 793 1774 se
826 1717 1051 1774 volesse
1093 1715 1303 1788 partire
1344 1735 1444 1789 per
1492 1717 1704 1772 andare
1741 1735 1775 1771 a
1816 1715 2009 1784 Piure,
2031 1716 2202 1772 -doue
2240 1733 2342 1787 per

278 1814 481 1870 lettere
508 1813 705 1870 scritte
731 1833 832 1886 per
858 1813 898 1868 il
928 1813 1072 1871 frate
1102 1812 1238 1870 R.d0
1273 1816 1443 1869 Patre
1472 1814 1557 1868 fra
1586 1812 1851 1880 Michele,
1882 1830 1980 1868 era
2007 1831 2107 1885 per
2132 1813 2173 1867 li
2200 1810 2345 1869 R.11¹i

277 1909 631 1983 dessignatO,
654 1911 906 1967 volendo
934 1910 1056 1965 loro
1084 1912 1191 1966 che
1217 1929 1251 1965 a
1282 1911 1602 1982 Morbegno
1629 1917 1876 1965 restasse
1905 1918 2104 1965 curato
2141 1909 2181 1963 il
2219 1911 2345 1965 Ma—

279 2006 571 2086 largucino,
601 2016 660 2063 et
688 2007 807 2063 cosi
841 2006 1010 2079 dopoi
1046 2007 1241 2062 scritte
1276 2008 1328 2062 le
1364 2025 1467 2063 sue
1503 2015 1560 2062 et
1590 2006 1784 2062 auanti
1817 2015 1873 2063 et
1903 2006 1994 2078 poi
2024 2027 2098 2064 ne
2132 2008 2187 2064 la
2212 2027 2345 2081 pro-

281 2105 454 2160 misso
500 2123 617 2160 non
663 2104 902 2177 partirse
948 2103 1069 2159 sina
1117 2122 1232 2158 non
1274 2103 1406 2159 habi
1463 2112 1720 2175 resposta
1772 2123 1846 2158 vn
1903 2105 2047 2160 altra
2093 2106 2229 2161 fiata
2274 2108 2347 2161 da

282 2204 355 2258 V.
383 2203 450 2257 R.
486 2203 578 2268 P.,
609 2210 669 2257 et
694 2200 791 2256 noi
818 2203 934 2273 ghe
961 2220 1034 2258 ne
1062 2203 1288 2257 haueno
1312 2202 1454 2255 fatto
1477 2200 1758 2256 instanzia
1782 2203 2020 2274 grande,
2046 2221 2164 2258 non
2186 2211 2346 2260 tanto

280 2316 379 2368 per
407 2301 587 2353 honor
625 2307 840 2364 nostrO,
893 2307 1107 2368 quanto
1154 2299 1404 2352 anchora
1451 2298 1523 2354 de
1564 2297 1675 2353 Dio
1713 2306 1771 2353 et
1807 2298 1880 2355 de
1918 2291 1972 2354 la
2007 2317 2111 2354 sua
2150 2310 2348 2355 sancta

288 2394 508 2462 chiesa,
540 2395 749 2466 perche
777 2394 875 2467 gia
900 2394 974 2450 da
1001 2394 1282 2450 lutherani
1311 2395 1389 2450 tal
1416 2413 1554 2450 cosa
1579 2396 1651 2450 he
1678 2394 1915 2467 pigliata
1941 2395 1999 2450 in
2027 2395 2139 2452 riso
2166 2405 2225 2451 et
2262 2397 2349 2451 vi-

283 2491 534 2562 lipendio
562 2493 687 2548 dele
725 2509 858 2548 cose
899 2492 1026 2548 dela
1053 2491 1262 2547 chiesa.
1302 2492 1488 2547 Perho
1524 2471 1798 2563 pregamo
1827 2493 2018 2562 quella
2043 2492 2236 2565 voglia
2261 2493 2342 2565 pi-

284 2588 430 2660 gliar
454 2588 592 2661 ogni
621 2606 755 2644 cosa
782 2588 840 2644 in
869 2605 1029 2660 pace,
1062 2590 1269 2660 perche
1307 2588 1486 2644 siamo
1522 2588 1708 2644 securi
1744 2588 1875 2644 debi
1911 2598 2116 2660 questo
2153 2600 2351 2646 nostro

283 2684 504 2741 intento
529 2687 637 2740 che
665 2684 821 2752 resti,
853 2686 1024 2742 ceder
1051 2685 1110 2739 in
1144 2684 1368 2756 magior
1395 2684 1578 2740 vtilita
1605 2685 1734 2741 dela
1754 2685 1947 2740 chiesa
1975 2694 2033 2742 et
2071 2688 2254 2742 honor
2281 2688 2351 2743 de

285 2781 416 2849 Dio,
448 2784 554 2839 che
580 2800 642 2838 se
671 2782 891 2839 facesse
914 2782 993 2837 tal
1015 2782 1357 2848 obedientia,
1390 2782 1730 2837 lassandone
1761 2781 1820 2836 in
1851 2784 2096 2838 tumulto
2123 2792 2181 2839 et
2209 2802 2353 2856 gran

285 2878 637 2935 confusione.
673 2878 973 2937 Scriuemo
993 2878 1170 2949 dogni
1191 2897 1326 2933 cosa
1354 2878 1426 2934 ali
1452 2878 1615 2948 R.mi,
1641 2881 1924 2950 sperando
1945 2881 2167 2935 debano
2190 2899 2289 2951 per
2316 2880 2353 2934 il

283 2976 495 3032 douete
522 2986 707 3031 mutar
734 2974 1038 3041 sententia,
1072 2984 1129 3032 et
1150 2977 1269 3030 cosi
1294 2977 1572 3030 salutamo
1595 2976 1802 3047 quella,
1849 2976 2355 3033 ricomandandose

285 3071 346 3126 in
373 3081 575 3143 questo
600 3085 797 3127 nostro
828 3089 961 3129 caso
991 3074 1239 3127 anchora
1267 3073 1354 3129 ale
1374 3091 1477 3128 sue
1509 3072 1786 3140 oratione3
1811 3083 1869 3128 et
1904 3075 2133 3144 quando
2160 3073 2244 3129 sia
2264 3091 2355 3128 re-

291 3168 528 3224 fermato
549 3168 587 3223 il
610 3167 747 3224 R.d0
769 3169 1109 3225 Galuanello
1139 3186 1314 3223 ouero
1344 3188 1422 3223 vn
1445 3170 1589 3224 altro
1609 3169 1738 3226 dela
1759 3169 2118 3242 Compagnia
2138 3178 2352 3235 vostra,

294 3264 577 3336 piaceraui
604 3266 697 3320 del
726 3274 852 3321 tuto
879 3265 1056 3321 darne
1085 3265 1246 3319 auiso
1273 3275 1330 3321 et
1359 3285 1391 3320 a
1419 3265 1512 3320 noi
1541 3275 1599 3322 et
1627 3266 1680 3320 al
1708 3274 1901 3321 vostro
1928 3275 1987 3322 et
2008 3275 2203 3321 nostro
2223 3266 2355 3321 dom

293 3361 525 3418 Andrea
570 3362 931 3429 Galuanello,
987 3362 1338 3432 pregandola
1384 3380 1500 3417 non
1548 3361 1743 3434 voglia
1789 3379 1944 3418 esser
1996 3363 2279 3419 renitente
2325 3380 2358 3417 a

290 3457 684 3528 compiacerne
731 3468 789 3515 et
825 3457 1099 3514 aiutarne
1146 3457 1203 3511 in
1254 3467 1458 3529 questo
1506 3476 1665 3526 caso,
1715 3460 1924 3530 perche
1965 3459 2060 3514 noi
2114 3461 2359 3514 hauemo

290 3552 667 3625 cognosciuto
695 3556 803 3611 che
832 3571 942 3609 con
971 3553 1024 3607 la
1052 3570 1157 3608 sua
1183 3555 1333 3610 bona
1361 3553 1478 3609 vita
1506 3556 1580 3608 ha
1608 3555 1749 3608 fatto
1775 3563 1833 3610 et
1859 3556 1891 3609 e
1912 3572 2013 3626 per
2038 3555 2156 3610 fare
2176 3572 2353 3627 gran-

386 3689 398 3714 ¹
463 3688 534 3731 Ex
559 3684 807 3744 originali?
828 3686 879 3732 in
902 3686 1006 3733 vol.
1037 3686 1206 3746 Epist.
1242 3686 1703 3740 Communitatum,
1724 3686 1869 3732 unico
1892 3686 2028 3746 folio,
2051 3702 2100 3732 n.
2138 3696 2209 3744 11,
2227 3686 2361 3746 prius

292 3758 404 3806 318.
