2638 4334
362 290 450 350 392
987 293 1287 341 Enisa-otu
1316 290 1677 339 Maras-633

1246 527 1407 581 ⁸88

598 639 862 688 GASPAR
896 639 1163 690 LOARTE
1192 640 1276 687 ET
1307 638 1603 687 DlDACUS
1635 639 1724 684 DE
1762 638 2046 686 GUZMAN

791 746 1023 802 PATRI
1062 745 1424 802 ANTONIO
1456 745 1560 800 DE
1600 744 1872 800 ARAOZ

1166 861 1221 908 13
1242 873 1370 918 Jutn
1396 860 1510 920 1553
1535 865 1572 908 ¹.

301 981 458 1032 Orant
479 989 551 1042 ut,
573 982 614 1029 si
652 982 923 1031 christiani
958 982 1078 1028 novi
1098 995 1127 1027 a
1148 980 1396 1027 Societate
1432 982 1743 1041 ablegentur,
1775 981 1918 1042 aequi
1948 980 2161 1041 bonique
2195 979 2351 1027 faciat

372 1056 503 1119 quod
524 1058 669 1104 ambo
690 1071 718 1103 a
739 1056 988 1103 Societate
1010 1054 1283 1115 discedant,
1301 1069 1445 1116 quam
1468 1055 1784 1102 nihilominus
1806 1070 2000 1116 semper
2020 1055 2268 1102 amabunt.

1267 1153 1361 1253 dis

302 1324 481 1366 com
509 1326 588 1365 na
616 1326 694 1366 vn
721 1313 1021 1366 CAPITULO
1049 1327 1129 1366 mv,
1153 1326 1273 1366 vNA
1308 1326 1504 1366 CARTA
1539 1326 1661 1375 sz
1698 1326 1957 1366 scnium
1994 1326 2067 1366 EL
2102 1325 2346 1366 nocron

467 1422 706 1462 ιοΑκτε
734 1422 772 1461 Y
800 1422 921 1461 non
949 1422 1158 1473 mmo,
1189 1411 1227 1462 A
1254 1422 1472 1473 ARAOZ,
1504 1423 1584 1462 DE
1619 1421 1683 1476 13
1710 1423 1790 1462 DE
1816 1422 1993 1474 JULIO
2022 1419 2179 1476 1553.

416 1531 770 1587 Acordamos
803 1531 875 1586 de
902 1531 1057 1587 dezir
1090 1550 1195 1604 por
1230 1539 1407 1600 carta,
1443 1532 1500 1587 lo
1534 1549 1644 1602 que
1678 1532 2048 1589 deseauamos
2086 1532 2243 1587 ablar
2269 1550 2342 1588 en

302 1625 615 1698 presencia,
644 1645 684 1697 y
709 1645 791 1696 eS,
831 1645 942 1698 que
976 1627 1063 1683 los
1089 1627 1212 1683 dias
1249 1628 1520 1700 passados
1554 1627 1807 1700 supimos
1840 1629 1913 1685 de
1946 1646 2058 1683 vna
2101 1646 2342 1700 persona

302 1721 591 1794 fidedigna
618 1740 729 1794 que
777 1741 878 1794 por
903 1723 1145 1795 algunas
1172 1735 1374 1779 causas
1419 1727 1644 1795 parecia
1678 1728 1711 1779 a
1738 1725 1811 1779 V.
1853 1726 1919 1779 P.
1949 1742 2026 1779 no
2069 1723 2345 1782 conuenit

304 1835 408 1889 por
427 1835 560 1873 aora
594 1827 826 1875 nuestra
861 1819 1097 1876 entrada
1135 1837 1207 1876 en
1240 1818 1296 1874 la
1322 1819 1656 1891 Compafiia,
1688 1837 1916 1892 aunque
1943 1820 2204 1877 sabemos
2230 1837 2348 1891 que

301 1913 359 1968 lo
386 1931 499 1984 que
524 1932 586 1971 se
614 1933 765 1986 pone
792 1932 894 1987 por
920 1914 1361 1972 inconueniente
1387 1933 1462 1971 no
1487 1915 1544 1971 lo
1570 1934 1633 1972 es
1658 1933 1858 1971 acerca
1885 1917 1957 1971 de
1986 1917 2057 1971 V.
2086 1917 2179 1983 P.,
2203 1914 2262 1970 ni
2289 1917 2347 1972 le

302 2010 515 2082 agrada
544 2011 620 2065 tal
649 2027 877 2067 manera
922 2011 994 2066 de
1028 2010 1205 2067 sentir
1249 2030 1321 2069 en
1355 2030 1597 2068 varones
1643 2019 1741 2067 tan
1777 2011 2167 2083 euangelicos3
2219 2030 2345 2068 mas

304 2124 508 2177 parece
553 2124 664 2177 que
710 2116 937 2179 propter
980 2107 1286 2165 instantem
1333 2107 1730 2164 necessitatem
1758 2108 1778 2135 ¹
1814 2126 1890 2163 no
1927 2126 2027 2164 osa
2061 2126 2166 2180 por
2209 2127 2345 2165 aora

303 2202 376 2257 V.
411 2203 479 2258 P.
509 2202 862 2259 contradezir
887 2202 945 2259 ni
971 2200 1287 2279 [o]ponerse
1312 2204 1366 2259 al
1392 2207 1607 2276 impetu
1633 2204 1706 2261 de
1726 2204 1780 2259 la
1815 2205 2264 2261 muchedumbre
2291 2206 2335 2262 ³.

396 2353 407 2378 ¹
471 2351 546 2396 Ex
569 2355 873 2412 transumpto
895 2352 946 2398 in
968 2353 1070 2398 vol.
1110 2353 1174 2412 D,
1204 2352 1350 2399 unico
1378 2351 1515 2412 folio,
1537 2368 1591 2398 n.
1632 2363 1735 2413 105,
1764 2353 1899 2413 prius
1926 2354 2177 2411 516.—Ut
2205 2353 2339 2414 frag-

304 2430 523 2469 mentum
561 2425 706 2484 hujus
743 2425 981 2485 epistolae
1004 2426 1324 2486 intelligatur,
1347 2441 1464 2487 prae
1485 2426 1640 2473 oculis
1669 2426 1949 2473 habendum
1977 2434 2054 2473 est
2082 2429 2347 2475 nonnullos

303 2511 450 2556 aegre
473 2497 646 2545 tulisse
668 2499 866 2545 Patrum
889 2500 1066 2546 Loarte
1089 2507 1140 2546 et
1161 2501 1385 2547 Guzman
1407 2500 1458 2547 in
1476 2500 1774 2547 Societatem
1792 2501 2068 2560 ingressum
2094 2509 2144 2548 et
2167 2502 2350 2549 admis-

301 2570 507 2629 sionem3
547 2572 654 2619 sive
690 2573 803 2633 quia
839 2575 962 2620 alter
998 2589 1166 2620 eorum
1204 2574 1454 2622 ferebatur
1490 2590 1553 2621 ex
1593 2576 1888 2622 christianis
1927 2578 2071 2622 novis
2100 2576 2342 2636 originem

300 2646 511 2704 trahere,
533 2647 639 2693 sive
661 2648 775 2708 quia
797 2650 941 2694 ambo
970 2648 1186 2695 amicitia
1207 2656 1259 2695 et
1286 2649 1644 2696 consuetudine
1664 2664 1777 2696 eum
1798 2651 2020 2711 pluribus
2049 2665 2111 2696 ex
2141 2652 2238 2697 illis
2259 2651 2345 2698 de-

301 2719 658 2779 vinciebantur;
680 2723 798 2783 quin
821 2723 969 2769 immo
991 2724 1225 2783 magister
1241 2725 1488 2783 Carleval,
1506 2724 1784 2784 theologiae
1798 2726 1969 2785 lector,
1988 2740 2193 2785 magnae
2212 2727 2343 2788 apud

300 2793 407 2841 illos
438 2796 761 2855 auctoritatis,
799 2797 860 2843 ad
892 2798 1106 2846 tribunal
1145 2813 1312 2846 sacrae
1348 2798 1465 2846 fidei
1501 2798 1832 2860 inquisitionis
1860 2798 2019 2846 fuerat
2047 2800 2259 2861 delatus,
2291 2802 2340 2849 in

298 2869 502 2930 ejusque
531 2872 808 2918 carceribus
837 2872 1172 2920 detinebatur.
1210 2874 1310 2920 Res
1331 2881 1438 2920 erat
1466 2873 1724 2934 ejusmodi,
1754 2880 1810 2920 ut
1839 2874 2077 2934 «ipsemet
2107 2875 2347 2935 Magister

300 2943 443 2990 Avila
465 2959 561 2990 non
585 2945 841 2992 videbatur
857 2946 1078 3006 judicare
1099 2948 1229 3009 quod
1244 2948 1297 2996 in
1312 2948 1613 2996 Societatem
1629 2954 1797 2995 essent
1813 2948 2011 3008 [Loarte
2028 2957 2079 2995 et
2095 2950 2343 3011 Guzman]

297 3016 634 3064 admittendi.»
667 3020 941 3080 POLANCO,
980 3029 1020 3067 t.
1049 3033 1120 3079 m,
1151 3036 1264 3083 pag.
1294 3021 1402 3079 332,
1432 3038 1483 3069 n.
1513 3021 1945 3082 738.-Caeterum
1977 3024 2134 3069 Araoz
2171 3038 2258 3071 eos
2289 3026 2341 3072 in

299 3090 594 3138 Societatem
617 3101 846 3154 cooptare
883 3095 1159 3157 dubitabat,
1181 3111 1279 3144 non
1307 3097 1422 3159 quia
1455 3098 1724 3144 christiani
1753 3099 1873 3144 novi
1893 3106 2082 3158 essent,
2103 3098 2192 3145 sed
2226 3101 2344 3162 quia

296 3178 407 3211 cum
431 3181 596 3213 sacrae
619 3168 947 3229 inquisitionis
965 3170 1215 3230 judicibus
1236 3171 1574 3234 quaestionem
1596 3171 1811 3218 nondum
1841 3172 2121 3233 expeditam
2149 3174 2339 3221 habue-

298 3248 426 3286 rant.
458 3241 582 3287 Vide
605 3242 749 3302 infra,
773 3244 923 3303 epist.
949 3245 1038 3304 689
1059 3252 1110 3292 et
1132 3246 1342 3306 NanAL,
1365 3246 1528 3308 Epist.
1553 3252 1593 3292 t.
1622 3257 1659 3305 1,
1682 3260 1794 3307 pag.
1823 3246 1924 3304 168,
1953 3247 2051 3306 169.

387 3318 405 3343 ¹
468 3328 483 3360 1
509 3316 590 3361 An
614 3316 745 3363 Con.
769 3328 859 3377 vn,
884 3319 956 3363 26.

389 3389 407 3415 ⁸
468 3390 575 3447 Jam
595 3390 782 3450 pridem
800 3392 1044 3451 Ignatium
1069 3400 1331 3454 rogaverat
1352 3394 1530 3454 Araoz,
1552 3394 1671 3456 quid
1693 3395 2003 3442 sentiendum
2026 3403 2161 3443 esset
2182 3397 2233 3444 in
2251 3398 2347 3445 hac

299 3463 606 3520 quaestione,
624 3480 747 3525 quae
766 3466 1082 3525 plurimorum
1101 3468 1290 3516 animos
1307 3469 1357 3516 in
1370 3469 1612 3516 contraria
1627 3469 1921 3517 distraxerat
1930 3471 2119 3531 (Epist.
2135 3471 2348 3532 Mixtus,

301 3541 344 3580 t.
368 3546 419 3591 11,
444 3550 536 3595 pag
578 3536 704 3596 314),
722 3545 772 3584 et
790 3540 1132 3588 vehementius
1149 3542 1386 3603 turbavit,
1403 3541 1583 3589 edente
1600 3542 1783 3590 Siliceo
1800 3558 1887 3604 pro
1904 3545 2120 3591 toletana
2135 3546 2348 3593 ecclesia

300 3621 440 3655 suum
465 3610 741 3658 institutum
763 3614 957 3675 (Epist.
987 3616 1197 3676 Mixtus,
1219 3622 1256 3663 t.
1280 3627 1334 3677 u,
1355 3630 1469 3678 pag.
1490 3617 1599 3677 626,
1620 3616 1728 3677 656,
1749 3617 1855 3677 689,
1878 3617 2003 3677 786):
2024 3634 2162 3666 mens
2177 3628 2344 3666 autem

298 3681 396 3727 Sti.
428 3683 601 3742 Ignatii
625 3685 782 3746 qualis
805 3695 955 3746 esset,
981 3689 1191 3751 intelligi
1214 3697 1378 3752 potest
1400 3705 1462 3745 ex
1484 3692 1691 3752 epistola
1715 3692 1911 3739 Polanci
1933 3708 1992 3740 ex
2013 3708 2190 3740 comm.
2209 3694 2345 3740 Patri

296 3755 458 3802 Araoz
480 3757 591 3804 data
633 3770 686 3817 14
711 3762 870 3820 Aug:
912 3763 1032 3809 «Del
1067 3779 1130 3810 no
1166 3771 1364 3826 aceptar
1391 3765 1650 3813 cristianos
1684 3781 1874 3813 nuevos
1912 3780 1974 3814 no
2010 3782 2063 3814 se
2101 3767 2345 3828 persuade
