2638 4334
435 364 524 412 320
1058 366 1357 413 Brisa-oua
1388 362 1759 419 Minas—609

1316 619 1478 672 809

1024 745 1403 795 CYPRIANUS
1449 743 1748 806 [SUAREZ]

754 868 1019 925 PATRI
1077 866 1448 924 IGNATIO
1505 865 1616 920 DE
1675 863 2036 919 LOYOLA

874 1000 1172 1061 [ousu’omz
1194 1007 1443 1045 sxauurs
1472 1006 1606 1052 majo
1621 993 1700 1054 (?)]
1727 992 1841 1053 1553
1865 997 1902 1041 ¹.

377 1121 581 1169 Sodales
609 1119 964 1182 olisiponenses
990 1117 1237 1165 consuetis
1265 1114 1699 1163 exercitationibus
1727 1113 1846 1160 dant
1873 1127 2156 1175 operam.—
2174 1112 2416 1164 Ornatam

465 1195 771 1249 muliebrem,
796 1194 931 1254 justo
959 1192 1384 1254 sumptuosiorem,
1422 1205 1451 1235 a
1478 1204 1532 1235 se
1562 1190 1670 1250 piae
1707 1187 1920 1235 feminae
1949 1188 2416 1249 repudiant.—San-

460 1269 709 1317 ctissimus
728 1267 909 1315 nobilis
931 1275 1177 1314 matronae
1199 1266 1380 1322 obitus,
1412 1264 1492 1311 cui
1514 1263 1742 1309 morienti
1775 1262 1930 1310 nostri
1945 1262 2417 1310 adstiterunt.—Lu·

459 1342 682 1402 dovicus,
703 1342 883 1402 infans,
906 1340 1037 1388 Patri
1060 1340 1293 1388 Carneiro
1314 1337 1672 1385 consuetudine
1694 1336 1887 1398 proficit
1914 1345 1966 1383 et
1994 1337 2292 1384 delectatur.

1374 1464 1403 1510 †

1297 1513 1486 1585 JesuS.

491 1652 615 1707 Pax
657 1648 888 1707 Christi.
936 1650 1075 1704 Post
1110 1645 1426 1719 superiores
1462 1644 1688 1712 literaS,
1731 1662 1874 1715 quas
1900 1634 1984 1701 'ad
2024 1646 2093 1700 R.
2140 1647 2204 1701 P.
2256 1654 2412 1700 tuam

376 1746 595 1819 scripsi,
625 1762 845 1817 semper
874 1744 1072 1801 fratres
1098 1741 1273 1798 nostri
1302 1740 1614 1797 charissimi
1638 1740 1698 1796 in
1730 1740 1913 1797 solitis
1938 1741 2093 1797 curis
2122 1749 2296 1813 atque
2326 1742 2413 1797 la-

376 1842 610 1900 boribus
642 1848 1171 1914 perseuerauerunt3
1202 1857 1317 1909 quo
1344 1838 1410 1893 fit
1447 1847 1513 1893 ut
1547 1837 1609 1893 in
1645 1836 1768 1894 dies
1805 1837 1990 1911 magis
2027 1846 2199 1909 atque
2230 1837 2416 1910 magis

378 1957 576 1999 eorum
604 1937 775 1994 animi
799 1937 1221 2002 confirmentur,
1251 1934 1348 2005 qui
1373 1933 1583 1990 nostris
1608 1933 1838 1990 monitis
1856 1942 2030 2006 atque
2048 1933 2298 1990 consiliis
2325 1933 2416 1989 ui-

378 2043 491 2091 mm
519 2033 578 2089 in
602 2032 805 2090 melius
831 2040 1141 2099 mutarunt,
1171 2040 1228 2086 et
1254 2030 1348 2086 alii
1373 2032 1446 2087 de
1473 2048 1626 2086 nouo
1653 2030 1992 2088 excitentur.

486 2132 558 2186 Et
591 2138 655 2185 ut
699 2129 833 2184 inde
876 2127 1157 2199 incipiam,
1203 2126 1479 2184 foeminae
1525 2127 1737 2199 aliquot
1781 2129 2023 2183 honesta
2066 2125 2412 2194 conditione,

377 2244 524 2299 quae
543 2244 606 2282 se
624 2223 1011 2297 sumptuosius
1031 2223 1423 2295 comptiusque
1443 2224 1742 2291 ornabant,
1766 2242 1935 2296 quam
1956 2222 2231 2295 permittit
2247 2222 2416 2281 divus

466 2399 479 2425 ¹
542 2396 616 2442 Ex
636 2394 938 2454 autographo
967 2394 1016 2439 in
1040 2395 1140 2439 vol.
1182 2394 1300 2439 Litt.
1328 2395 1560 2454 Quadr.,
1593 2404 1723 2453 1555.
1762 2394 1907 2441 unico
1943 2394 2051 2454 fol„
2072 2409 2128 2440 n.
2159 2394 2262 2452 182,
2277 2394 2414 2455 prius

376 2479 455 2528 171
481 2476 533 2515 et
552 2467 823 2528 antiquitus
844 2468 1290 2527 200.—Epistolam
1319 2469 1443 2513 hanc
1472 2482 1583 2513 esse
1610 2467 1770 2514 Patris
1799 2467 1983 2514 Suarez
2011 2466 2195 2527 ambigi
2223 2468 2413 2528 nequit,

374 2542 616 2604 siquidem
638 2542 909 2588 litterarum
930 2540 1265 2600 conformatio,
1282 2556 1393 2587 cum
1414 2542 1522 2588 aliis
1552 2541 1774 2601 ejusdem
1791 2540 1951 2588 Patris
1971 2540 2194 2602 epistolis
2217 2543 2414 2598 collata,

374 2631 487 2663 eum
508 2616 615 2663 sine
636 2615 787 2662 dubio
807 2614 950 2675 hujus
972 2622 1216 2661 auctorem
1237 2615 1375 2662 facit,
1407 2615 1485 2662 Cf.
1523 2616 1641 2662 Litt.
1670 2617 1874 2675 Quadr.
1907 2623 1945 2662 t.
1975 2627 2030 2675 11,
2057 2629 2168 2677 pag.
2197 2626 2301 2674 217,
2332 2631 2416 2662 an-

371 2698 473 2738 not.
503 2689 862 2751 1.—Olisipone
894 2704 1011 2735 vero
1042 2690 1236 2735 missam
1274 2690 1495 2736 eamdem
1530 2690 1685 2737 fuisse
1713 2697 1927 2751 constat,
1961 2697 2065 2737 tum
2100 2690 2215 2752 quia
2243 2691 2294 2737 in
2324 2692 2415 2737 hac

372 2766 494 2812 urbe
516 2772 634 2811 tunc
661 2764 768 2825 ipse
789 2763 1022 2823 degebat,
1059 2771 1161 2810 tum
1182 2764 1296 2825 quia
1312 2779 1391 2810 res
1413 2765 1791 2830 olisiponenses,
1827 2779 1915 2825 per
1939 2766 2098 2812 socios
2124 2772 2278 2823 actaS,
2308 2781 2415 2812 nar-

370 2837 521 2886 rando
541 2837 1178 2900 complectitur.—Tempus
1199 2853 1332 2897 vem,
1350 2853 1446 2899 quo
1466 2838 1579 2886 data
1601 2839 1811 2900 epistola
1835 2845 1931 2894 est,
1957 2838 2079 2886 illud
2105 2839 2303 2901 quidem
2327 2854 2415 2900 pu·

367 2918 527 2959 tamus
549 2926 661 2959 esse
684 2913 931 2959 labentem
954 2911 1132 2971 Majum
1154 2920 1237 2959 aut
1260 2913 1510 2959 ineuntem
1532 2914 1757 2973 Junium.
1781 2914 1978 2960 Etenim
1999 2913 2231 2975 scriptam
2259 2913 2414 2961 fuisse

368 2986 625 3047 epistolam
646 2993 757 3047 post
777 2987 994 3033 solemne
1007 2986 1303 3045 jejuniorum
1319 2995 1530 3048 tempus,
1554 2988 1737 3049 liquido
1754 3002 1815 3034 ex
1838 2988 1943 3049 ipsa
1964 2995 2118 3049 patet,
2134 3004 2246 3035 cum
2262 2989 2411 3036 dicat:

367 3078 389 3104 α
398 3061 591 3107 Fratres
612 3061 798 3122 aliquot
816 3060 900 3122 qui
922 3062 1140 3121 proxima
1159 3063 1586 3123 quadragesima...
1613 3064 1807 3110 vineam
1831 3063 2029 3110 Domini
2049 3066 2408 3121 coluerant...;»

367 3135 516 3182 immo
537 3143 647 3196 post
673 3136 891 3195 elapsum
925 3135 1161 3194 Aprilem,
1190 3151 1301 3182 nam
1324 3137 1394 3183 sic
1431 3137 1681 3183 exorditur
1717 3137 1918 3183 Suarezt
1958 3137 2107 3185 «Post
2130 3138 2409 3200 superiores

367 3209 553 3269 literas,
574 3223 696 3271 quas
732 3208 795 3255 ad
830 3209 895 3255 R.
946 3209 1005 3254 P.
1054 3217 1185 3256 tuam
1216 3211 1405 3271 scripsi,
1450 3226 1642 3272 semper
1672 3212 1848 3260 fratres
1884 3212 2040 3260 nostri
2065 3213 2339 3260 charissimi
2355 3214 2406 3260 in

367 3283 527 3331 solitis
554 3282 686 3331 curis
721 3290 868 3345 atque
897 3284 1145 3330 laboribus
1174 3294 1722 3345 perseuerauerunt...»:
1756 3289 1847 3333 hae
1882 3295 2047 3334 autem
2078 3288 2271 3334 litterae
2296 3302 2406 3334 eae-

366 3357 478 3405 dem
516 3358 745 3405 videntur
764 3370 896 3418 esse,
932 3372 1051 3418 quas
1082 3370 1138 3416 25
1168 3359 1351 3419 Aprilis
1384 3360 1497 3416 1553
1533 3360 1790 3421 Olisipone
1822 3363 2015 3422 Ignatio
2044 3362 2228 3409 Suarez
2256 3361 2406 3408 dede-

363 3439 456 3491 rat,
482 3432 601 3478 Lite.
628 3432 830 3491 Quadr.
855 3437 892 3476 t.
915 3443 968 3489 n,
992 3446 1108 3491 pag.
1138 3443 1223 3490 217
1246 3441 1296 3478 et
1318 3435 1810 3495 seqq.-Praeterea,
1828 3437 1878 3483 in
1895 3436 2068 3484 eadem
2083 3437 2292 3498 epistola
2306 3437 2409 3496 agi·

366 3512 443 3552 tur
462 3504 525 3551 de
550 3506 605 3551 Ρ.
639 3504 902 3551 Melchiore
927 3503 1179 3562 Carneir0,
1211 3506 1280 3552 ibi
1310 3506 1540 3566 degente:
1576 3517 1735 3555 rector
1765 3509 1897 3556 enim
1919 3516 2026 3557 erat
2053 3511 2250 3570 collegii
2278 3511 2408 3558 olisi-

363 3579 609 3640 ponensis.
635 3578 734 3626 Sed
755 3578 835 3625 hic
856 3579 1191 3637 magistratum
1217 3581 1465 3627 inchoavit
1490 3596 1655 3628 mense
1680 3585 1964 3636 Februario.
1996 3586 2194 3647 reliquit
2215 3598 2333 3632 vero
2354 3585 2411 3631 28

364 3652 516 3712 Junii,
542 3653 743 3699 Romam
765 3651 1030 3714 profectus:
1056 3671 1077 3695 α
1087 3655 1140 3699 ΕΙ
1165 3654 1319 3700 Padre
1342 3654 1556 3700 Carnero
1579 3657 1735 3716 partio
1759 3660 1955 3719 vispera
1982 3658 2045 3705 de
2068 3658 2168 3706 San
2195 3659 2355 3706 Pedro
2376 3674 2410 3720 y

362 3726 461 3774 San
485 3728 634 3773 Paulo
654 3740 747 3773 con
769 3726 814 3773 el
841 3725 893 3772 Ρ.
916 3725 1115 3773 Simon»
1139 3736 1234 3773 etc.
1264 3729 1380 3774 Δία.
1409 3730 1631 3787 Quadra,
1658 3739 1693 3776 t.
1720 3744 1772 3791 u,
1802 3747 1916 3792 pag.
1938 3731 2044 3791 351.
2074 3733 2271 3793 Quibus
2293 3747 2413 3780 con·

363 3800 522 3847 ficitur
537 3799 586 3847 id
606 3799 737 3861 quod
757 3800 1075 3860 asseruimus,
1096 3801 1353 3861 epistolam
1377 3810 1608 3858 nostram,
1634 3806 1829 3852 labente
1849 3806 1976 3866 MaJo
1992 3814 2077 3854 aut
2098 3807 2298 3855 ineunte
2319 3808 2405 3867 Ju-

362 3876 462 3931 nio,
482 3874 645 3920 datam
669 3873 838 3920 fuisse.
