2638 4334
1051 269 1122 303 AD
1156 268 1439 303 LECTOREM
2181 278 2208 322 9

227 386 383 455 tifici,
415 388 785 459 praeclarum,
816 386 935 442 suis
962 385 1364 457 consignatum
1393 384 1612 450 litteriS,
1646 386 2024 442 testimonium
2061 392 2267 449 dedere

225 485 336 554 (18,
376 499 460 556 19,
493 498 583 550 20',
634 499 706 555 29
742 485 953 554 Mart.).
983 485 1122 538 Post
1156 484 1299 538 haec
1344 491 1714 552 perrexerunt
1745 484 1939 538 Patres
1977 486 2263 558 subigere,

227 589 395 651 prout
431 579 778 650 inceperant,
809 578 1154 634 dominicum
1200 595 1423 650 agrum,
1453 586 1511 631 et
1546 578 1766 631 fructus
1800 579 2024 647 quidem
2061 583 2267 638 labori-

227 677 336 730 bus
355 677 732 747 respondebat
753 678 803 748 (5
828 677 1013 747 Apr.),
1038 675 1176 747 quin
1198 684 1386 730 tamen
1402 674 1799 739 alienationem
1821 675 1990 730 animi
2011 697 2042 731 a
2063 681 2268 735 nostris

226 771 470 826 vicarius
497 766 733 828 exueret
753 773 826 845 (6,
867 789 931 845 19
959 772 1144 844 Apr.).
1178 773 1361 827 Tanta
1389 780 1580 826 autem
1607 769 1819 825 invidia
1839 774 2268 829 excruciabatur

223 867 485 934 daemon,
525 885 655 923 cum
691 868 907 924 animas
941 868 1047 923 sibi
1078 888 1109 926 e
1144 866 1404 923 faucibus
1432 875 1654 937 ereptas
1687 878 1963 934 cerneret,
2005 878 2067 922 ut
2100 871 2268 925 etiarn

224 963 428 1031 virum,
462 965 625 1020 nobis
653 965 812 1020 initio
839 965 1307 1034 addictissimum,
1331 965 1609 1038 Jacobum
1638 964 1708 1019 de
1732 967 1909 1030 Mara,
1941 966 2209 1036 tantisper
2238 987 2270 1022 a

221 1059 390 1115 sociis
417 1062 767 1130 abalienarit;
799 1063 899 1117 sed
920 1061 1080 1118 brevi
1100 1061 1214 1131 hie,
1245 1061 1334 1117 sui
1355 1061 1488 1116 facti
1507 1060 1824 1132 poenitenS,
1850 1060 1991 1114 mira
2018 1080 2153 1116 sane
2168 1064 2269 1117 de-

224 1157 492 1213 missione
519 1157 689 1212 animi
716 1176 833 1213 rem
863 1167 949 1215 est
970 1159 1284 1224 confessuS,
1318 1167 1375 1214 et
1402 1158 1460 1212 in
1486 1167 1808 1213 nostrorum
1831 1157 2071 1228 gratiam
2107 1158 2270 1214 rediit

222 1254 316 1324 (26
338 1254 512 1325 Maj.).
541 1254 870 1325 Cogitatum
892 1263 980 1311 est
1003 1263 1159 1322 tunc,
1177 1257 1248 1310 ad
1266 1255 1540 1310 firmanda
1559 1273 1646 1318 ea,
1673 1271 1820 1324 quae
1841 1273 1873 1308 a
1893 1253 2061 1309 sociis
2080 1256 2270 1309 hacte-

227 1368 335 1404 nus
362 1359 489 1404 acta
517 1351 695 1418 suere,
734 1352 806 1406 de
851 1351 1107 1424 collegiis
1141 1351 1442 1409 Societatis
1472 1350 1699 1407 Bastiae
1743 1358 1800 1406 et
1845 1351 2086 1406 Genuae
2113 1351 2271 1405 insti-

229 1446 455 1501 tuendis
477 1449 586 1518 (26,
620 1463 711 1516 27,
745 1464 815 1521 29
846 1449 1022 1519 Maj.):
1054 1449 1110 1503 id
1132 1448 1354 1520 Ignatio
1375 1449 1639 1516 refertur,
1665 1449 1767 1503 sed
1787 1447 2027 1512 litterae,
2052 1446 2112 1501 in
2133 1448 2271 1502 mari

228 1544 529 1613 perlectae,
560 1544 1098 1617 intercipiuntur-(5,
1133 1561 1197 1601 21
1224 1548 1361 1618 Jun,
1410 1561 1430 1600 1
1456 1545 1617 1618 Jul.).
1649 1546 1872 1600 Interea
1901 1543 2192 1599 Landinus
2213 1543 2269 1598 in

223 1638 467 1694 insulam
496 1641 842 1712 Caprariam,
874 1642 1256 1713 proximorum
1295 1642 1494 1697 salutis
1522 1641 1912 1712 procurandae
1945 1657 2137 1706 causa,
2168 1659 2272 1694 na·

224 1735 383 1806 vigat
409 1737 483 1808 (8,
516 1738 752 1811 16Jul.):
780 1738 1030 1793 Bastiam
1051 1738 1166 1794 cito
1194 1738 1520 1804 revertitur,
1554 1737 1652 1792 ubi
1679 1737 1915 1803 incolaS,
1942 1736 2142 1793 timore
2170 1737 2272 1791 ad-

222 1833 579 1890 ventantium
604 1837 952 1906 praedonum
975 1835 1221 1902 territos,
1252 1836 1469 1890 solatur
1495 1844 1553 1890 et
1580 1834 1749 1906 erigit
1777 1834 1830 1906 (9
1859 1834 2059 1905 Aug.).
2092 1833 2270 1889 Deni-

222 1945 337 1997 que
356 1931 428 1985 de
454 1931 724 1988 bastiensi
751 1931 962 1987 vicario
989 1934 1267 2003 quaedam
1295 1932 1470 1987 addit:
1497 1950 1599 2004 pro
1619 1931 1811 2001 aliquo
1834 1932 1906 1987 ad
1928 1930 2271 1987 Societatem

225 2027 410 2084 redire
435 2028 702 2099 cupiente
727 2029 1085 2100 deprecatur:
1117 2047 1450 2085 saracenum
1486 2030 1789 2100 quemdam
1825 2026 1988 2097 aquis
2023 2026 2272 2081 lustrali-

226 2126 334 2179 bus
359 2124 539 2180 abluit
565 2126 676 2197 (12,
710 2142 774 2196 31
809 2126 1005 2198 Aug).
1037 2127 1232 2197 Atque
1265 2128 1406 2182 haec
1434 2126 1506 2180 de
1540 2125 1758 2180 corsica
1791 2123 2060 2180 missione
2088 2124 2273 2193 deque

228 2222 348 2277 ΡΡ.
380 2220 638 2277 Landino
663 2230 721 2278 et
747 2223 963 2279 Gomes
989 2223 1061 2279 de
1089 2226 1501 2293 Montemayor.
1545 2223 1635 2276 Ad
1668 2221 2087 2286 Galvanellum,
2119 2222 2273 2275 Mor-

226 2317 381 2374 benii
408 2327 872 2385 commorantem,
904 2319 1222 2374 veniamus

338 2414 698 2469 Morbenium
726 2415 847 2472 sive
873 2415 1238 2482 Morbinium,
1271 2414 1542 2487 oppidum
1570 2415 1711 2469 illud
1738 2423 1824 2470 est
1850 2413 1909 2468 in
1943 2414 2105 2469 Valle
2140 2413 2273 2467 Tel-

224 2511 357 2579 lina,
396 2510 604 2566 missus
636 2531 786 2567 anno
828 2512 1120 2583 superiore
1147 2513 1332 2568 suerat
1368 2514 1435 2567 P.
1477 2513 1738 2570 Andreas
1773 2511 2142 2566 Galvanellus
2181 2517 2273 2562 «vt

224 2607 518 2663 Pontificis
542 2626 615 2663 ex
639 2608 1004 2680 praescripto,
1034 2608 1186 2664 illius
1204 2608 1493 2664 Ecclesiae
1520 2625 1735 2674 curam,
1755 2609 1891 2662 dum
1913 2615 2106 2661 coorta
2125 2605 2273 2661 inter

223 2704 505 2760 Curiones
538 2704 608 2759 lis
642 2705 942 2773 dirimitur,
981 2706 1350 2777 susciperet.»
1392 2707 1759 2773 ORLANDINI,
1802 2707 1954 2759 Hist.
1996 2704 2115 2758 Soc.
2147 2702 2267 2775 Jes,

223 2801 321 2856 lib.
356 2785 470 2868 ΧΠ,
508 2821 565 2856 n.
628 2803 950 2875 19.—Illius
982 2804 1262 2858 adventus
1304 2821 1515 2874 magna
1555 2802 1750 2874 populi
1787 2803 2081 2856 voluntate
2122 2800 2272 2854 cele-

225 2899 420 2954 bratus
448 2908 554 2965 est,
585 2907 644 2954 et
669 2899 1080 2954 eucharisticae
1114 2899 1337 2956 litterae
1369 2899 1593 2971 Ignatio
1627 2900 1813 2965 datae,
1854 2897 2061 2968 quibus
2100 2913 2270 2966 roga-

226 2996 393 3050 batur
420 2995 594 3050 totius
621 2995 813 3067 populi
850 2995 1080 3050 nomine
1119 3005 1180 3051 ut
1213 3004 1524 3067 perpetuus
1559 2995 1666 3050 sibi
1701 2994 1859 3050 curio
1900 2991 2270 3050 Galvanellus

223 3092 635 3148 concederetur
662 3094 753 3165 (20
779 3094 825 3148 F
828 3093 964 3164 eb.).
997 3093 1191 3164 Hujus
1217 3094 1409 3166 plures
1443 3092 1712 3164 epistolas
1749 3090 2029 3146 interiisse
2062 3097 2269 3160 putan-

221 3189 359 3243 dum
387 3198 493 3243 est:
526 3188 741 3259 aliquot
770 3198 960 3246 tamen
988 3209 1021 3245 a
1047 3189 1215 3245 nobis
1242 3189 1582 3246 emittuntur
1608 3190 1668 3243 in
1688 3190 1893 3254 lucem,
1926 3187 2133 3257 quibus
2167 3203 2267 3256 po-

221 3286 485 3356 pulorum
514 3286 766 3342 conditio
802 3296 859 3343 et
894 3296 1098 3354 statuS,
1140 3287 1456 3342 animorum
1491 3286 1794 3351 discordia,
1833 3281 2152 3340 Galvanelli
2185 3282 2268 3335 la-

220 3383 388 3437 bores
415 3392 472 3439 et
502 3383 720 3438 fructus
746 3383 878 3439 inde
905 3393 1210 3455 perceptus
1235 3383 1633 3455 significantur
1668 3385 1714 3454 (1
1756 3383 1939 3452 Aug,
1982 3395 2051 3448 23
2088 3377 2264 3447 Oct.).

222 3479 371 3534 Vota
399 3479 682 3536 faciebant
708 3479 863 3536 cives
890 3490 954 3534 ut
988 3480 1168 3535 nostri
1203 3481 1427 3535 scholas
1460 3480 1743 3551 aperirent
1779 3481 1866 3548 (23
1904 3476 2080 3546 Oct.).
2120 3476 2268 3530 Cum

132 3641 137 3647 ι
221 3582 413 3629 autem
434 3576 505 3630 de
532 3576 887 3648 designando
914 3566 1143 3646 homine
1176 3586 1463 3649 ageretur,
1502 3576 1595 3630 cui
1629 3575 1943 3630 animorum
1981 3590 2116 3627 cura
2151 3580 2266 3625 tra—

221 3671 411 3727 denda
436 3680 606 3739 esset,
637 3672 695 3727 in
723 3673 1005 3728 contraria
1031 3673 1220 3728 studia
1253 3666 1615 3729 scindebatur
1656 3672 1918 3742 populus,
1958 3685 2267 3737 omnesque

227 3786 341 3821 una
366 3785 506 3823 voce
532 3770 927 3826 Galvanellum
955 3772 1341 3842 deposcebant
1368 3771 1459 3842 (30
1495 3770 1672 3839 Oct.),
1712 3769 1883 3822 immo
1917 3785 1978 3822 se
2013 3762 2267 3836 prohibi-
