2638 4334
1044 329 1070 374 5
1105 315 1317 362 Amans
1352 314 1464 372 1553
2122 337 2205 383 227

227 444 444 502 thesori
478 443 657 501 eterni
692 445 839 501 della
872 462 975 500 sua
1009 442 1211 516 gratia.
1251 444 1379 498 Vna
1413 442 1555 497 altra
1590 427 1756 499 mano
1791 447 1881 517 poi
1916 451 1974 503 n'
2011 453 2084 505 ha
2126 453 2264 509 fatto

237 558 351 596 una
377 540 538 606 altra,
569 549 770 610 questa
789 540 931 606 cioe,
961 539 1000 595 il
1027 538 1331 611 magnifico
1351 541 1430 595 M.
1460 537 1736 594 Giacomo
1762 543 1817 595 d'
1851 544 2008 611 Oria,
2040 546 2078 600 il
2105 549 2266 603 loco-

234 644 471 693 ·-tenente
495 636 551 690 d’
584 635 796 702 Aleria,
826 638 897 691 ne
924 655 956 691 a
982 637 1101 690 loro
1127 633 1221 707 poi
1247 635 1493 690 anchora
1521 652 1688 705 sopra
1714 627 1770 690 di
1798 638 1884 692 cio
1924 643 1995 694 ho
2030 645 2263 712 parlato.

243 731 390 788 Delli
418 730 733 802 particolari
759 733 895 804 ogni
930 733 987 786 di
1014 749 1128 787 non
1161 732 1234 787 ne
1268 730 1452 802 parlo,
1491 733 1699 802 perche
1734 735 1806 787 ho
1841 735 1991 790 uisto
2026 742 2271 795 anchora

233 827 566 902 :stamattina
592 828 865 883 mirabilia
891 828 983 883 nel
1010 827 1231 899 popolo.
1266 827 1660 881 Raccomando
1687 845 1800 882 una
1828 848 2065 900 persona
2101 836 2264 904 parti—

234 924 438 989 -colar',
468 932 526 978 et
552 923 590 977 li
619 923 780 995 primi
807 925 1028 980 saltono
1053 941 1159 978 suo
1192 941 1225 978 a
1258 925 1470 978 cercar'
1509 940 1608 993 per
1643 923 1681 976 11
1717 926 1933 994 poueri.
1967 929 2120 984 Sono
2160 932 2272 985 las-

236 1029 366 1077 sate
389 1020 730 1086 concubine,
762 1030 819 1077 et
845 1021 1036 1087 molte3
1069 1037 1183 1075 non
1210 1018 1258 1074 si
1285 1019 1399 1090 puo
1424 1037 1619 1073 narrar
1644 1020 1682 1073 l’
1720 1022 2029 1091 operation’
2068 1026 2144 1079 dil
2184 1028 2275 1083 Si-

242 1134 442 1189 gnore.
477 1118 529 1172 O
558 1116 753 1188 quanti
781 1116 955 1188 pianti
977 1117 1030 1171 al
1052 1116 1285 1173 uenerdi
1306 1124 1364 1172 et
1383 1116 1622 1170 sabbato
1648 1124 1832 1183 sant0,
1858 1136 1892 1173 o
1913 1130 2125 1189 quanta
2152 1142 2276 1177 mu-

246 1212 459 1268 tatione
487 1214 541 1268 fa
568 1222 762 1268 nostro
789 1214 1031 1285 Signore
1058 1230 1158 1283 per
1185 1230 1299 1267 uno
1326 1212 1374 1266 si
1401 1211 1535 1267 uille
1560 1211 1956 1269 instrumento!
2000 1218 2092 1271 Ma
2119 1220 2278 1275 molti

248 1309 579 1380 coadiutorij
609 1328 750 1365 sono
776 1309 892 1379 qui,
924 1326 1039 1364 non
1066 1317 1224 1364 tanto
1250 1307 1290 1361 11
1316 1306 1490 1370 Padri
1516 1307 1573 1361 di
1601 1317 1768 1363 santo
1796 1311 1842 1364 F
1846 1329 2112 1367 rancesco
2146 1325 2202 1370 et
2244 1316 2280 1369 11

249 1414 443 1461 nostro
465 1405 751 1461 carissimo
773 1407 839 1460 P.
873 1406 951 1461 Μ.
977 1413 1135 1476 prete
1161 1403 1589 1470 Giouaninello,
1619 1406 1726 1460 che
1749 1414 1898 1461 tutto
1926 1410 1998 1462 ha
2025 1409 2065 1462 11
2085 1410 2282 1481 spirito

244 1503 399 1557 della
425 1501 804 1574 Compagnia,
835 1519 944 1556 con
971 1500 1104 1555 tutti
1131 1500 1169 1554 li
1195 1500 1341 1572 preti
1386 1500 1533 1555 della
1562 1499 1753 1557 Bastia
1779 1511 1837 1558 et
1873 1505 2198 1576 Belgoder’,
2228 1519 2285 1563 et

246 1597 412 1669 quini
428 1598 487 1652 in
514 1616 679 1654 cerco
701 1597 832 1653 tutti
858 1599 1030 1652 fanno
1057 1596 1433 1668 grandissimo
1462 1597 1657 1663 frutt0,
1683 1605 1741 1653 et
1759 1597 1813 1653 io
1842 1600 1920 1671 gl’
1957 1603 2030 1656 ho
2057 1619 2285 1674 compa-

243 1694 412 1750 -sione
425 1694 725 1766 apouerini
738 1695 794 1749 di
809 1703 964 1750 tanta
975 1696 1320 1760 strachezza,
1345 1695 1451 1750 che
1471 1694 1579 1748 alle
1600 1693 1753 1748 uolte
1774 1713 1888 1750 non
1908 1716 2152 1768 possono
2175 1700 2282 1771 piu.

257 1794 350 1848 Ma
369 1794 476 1850 che
495 1793 616 1850 dire
636 1792 768 1850 delli
794 1794 947 1851 laici?
967 1797 1020 1852 O
1049 1802 1262 1866 quanto
1290 1813 1461 1866 opera
1480 1796 1552 1850 N.
1580 1797 1642 1853 S.
1667 1796 1827 1868 peril
1854 1805 2048 1851 nostro
2072 1799 2150 1852 M.
2179 1800 2286 1852 Be-

254 1890 485 1946 nedetto
507 1891 806 1948 Casanoua
826 1892 1136 1961 carissimO,
1157 1910 1258 1964 per
1278 1894 1358 1948 M.
1385 1891 1581 1949 Lione!
1610 1893 1654 1947 Il
1682 1895 1908 1948 Bustor’
1940 1903 2134 1948 nostro
2177 1912 2291 1948 non

252 2003 477 2053 manca,
507 1996 564 2042 et
590 1987 748 2042 molti
774 1989 901 2043 altri
927 1991 1033 2044 che
1068 1998 1324 2061 tengono
1356 1989 1412 2043 13
1445 1987 1564 2043 uita
1599 1998 1657 2043 et
1695 1990 1871 2044 robba
1912 2008 2011 2060 per
2039 2008 2196 2045 amor
2235 1990 2291 2044 di

260 2084 331 2139 N.
365 2084 426 2140 S.
466 2086 542 2139 M.
586 2084 811 2140 Giovan
846 2087 1162 2142 Francesco
1202 2084 1603 2157 Tagliacarne,
1636 2087 1714 2141 M.
1748 2088 2002 2141 Mattheo
2031 2088 2289 2158 BeguliO,

263 2182 340 2235 M.
375 2181 750 2237 Benedettino
775 2183 866 2238 dal
895 2182 1058 2250 Pino,
1091 2186 1169 2239 M.
1201 2182 1332 2238 Gio.
1363 2183 1586 2249 Natale,
1618 2186 1965 2256 procurator’
1990 2183 2046 2237 di
2068 2184 2295 2254 capuci—

261 2275 342 2343 ni,
372 2285 430 2332 et
457 2277 598 2332 tanti
633 2296 742 2332 con
775 2279 927 2349 quali
963 2281 1035 2335 V.
1075 2281 1145 2334 R.
1182 2277 1364 2351 potria
1390 2279 1826 2351 congratularsi,
1852 2297 2009 2334 corne
2043 2280 2210 2335 etiam
2249 2280 2297 2335 si

254 2375 676 2445 congratulano
702 2392 810 2429 con
836 2375 910 2432 lei
935 2375 1015 2429 dil
1043 2376 1218 2430 frutto
1245 2376 1352 2432 che
1379 2375 1435 2430 fa
1469 2374 1548 2428 iui
1576 2376 1669 2431 nel
1703 2375 1964 2447 Signore,
1998 2384 2055 2432 et
2088 2377 2175 2430 001
2221 2375 2299 2430 si-

264 2487 445 2540 gnore
471 2470 767 2540 Giacom0,
797 2481 855 2528 et
881 2471 1143 2527 massime
1170 2473 1317 2527 della
1342 2490 1456 2527 s—
1482 2504 1557 2513 —
1581 2473 1725 2527 00113
1751 2473 1982 2544 signora
2008 2473 2300 2546 Georgeta

268 2569 435 2622 Pace.
462 2565 641 2635 Tutti‚
673 2567 825 2634 tutti,
857 2587 929 2625 ne
954 2567 1191 2623 siammo
1219 2576 1377 2623 tanto
1404 2567 1657 2624 contenti
1684 2568 1810 2623 chel
1831 2567 2074 2639 Signore
2100 2567 2138 2621 li
2161 2568 2303 2623 sacia

256 2681 487 2734 ·sempre
514 2681 619 2718 suo
646 2663 821 2719 buoni
849 2663 1020 2731 serui,
1044 2674 1103 2719 et
1128 2684 1202 2721 ne
1229 2663 1374 2719 facia
1399 2667 1690 2720 conoscer’
1720 2682 1942 2735 sempre
1968 2665 2021 2718 13
2042 2682 2144 2718 sua
2171 2682 2302 2718 san-

265 2758 485 2814 tissima
505 2759 754 2827 volonta‚
789 2768 847 2815 et
873 2760 1059 2830 quella
1085 2761 1516 2833 perfettamente
1543 2759 1823 2831 adimpir'.

385 2854 545 2911 Molti
571 2856 929 2912 domandono
957 2856 1015 2911 di
1042 2875 1155 2927 qua
1181 2856 1441 2929 aggiutO,
1472 2858 1578 2911 che
1603 2855 1699 2912 noi
1726 2856 1764 2910 11
1803 2856 2141 2928 uogliammo
2169 2855 2307 2911 uisi-

277 2953 406 3006 tar'.
431 2953 502 3007 V.
524 2954 592 3007 R.
618 2953 763 3008 facia
788 2953 1030 3008 oration’
1054 2972 1167 3009 con
1180 2953 1352 3024 quelli
1379 2953 1578 3019 diuofi,
1603 2972 1769 3025 sopra
1789 2953 1895 3008 cio.
1922 2954 2003 3008 La
2023 2951 2310 3007 comunita

278 3066 396 3103 non
425 3048 582 3103 uoria
608 3051 782 3104 esser'
811 3050 884 3105 da
917 3050 1011 3104 noi
1046 3051 1430 3116 abandonata,
1469 3051 1675 3121 perche
1711 3058 1857 3104 tutta
1891 3050 1926 3102 l’
1965 3049 2103 3103 isola
2138 3058 2311 3102 metta

272 3163 391 3217 qua
416 3163 557 3216 capo
585 3154 642 3202 et
668 3164 874 3201 ancora
894 3155 1043 3202 terra
1065 3147 1260 3213 ferma,
1284 3155 1342 3202 et
1362 3146 1482 3201 cosi
1507 3164 1675 3217 parea
1696 3164 1900 3201 ancora
1920 3147 1971 3199 31
1993 3154 2184 3199 nostro
2215 3161 2307 3198 ca-

280 3240 499 3297 rissimo
527 3244 605 3298 M.
638 3244 705 3299 E.
738 3242 1023 3310 CorneliO,
1053 3245 1145 3298 ch’
1175 3242 1230 3298 io
1257 3260 1372 3297 non
1400 3242 1478 3296 mi
1497 3241 1734 3312 partisse
1755 3242 1811 3295 di
1834 3240 2009 3311 quiui.
2053 3243 2204 3294 Bene
2233 3238 2312 3311 gli

269 3337 468 3394 ¹>scrissi
495 3339 549 3393 la
576 3357 679 3393 sua
705 3338 930 3410 partita,
962 3347 1018 3395 et
1046 3356 1207 3394 come
1232 3338 1292 3393 in
1319 3340 1498 3393 Roma
1519 3355 1633 3392 non
1661 3339 1692 3392 e
1714 3338 1847 3391 dato
1870 3337 2084 3392 credito
2122 3355 2154 3389 3
2181 3354 2312 3391 nes-

275 3451 423 3489 suno
450 3445 646 3490 contra
673 3435 727 3489 di
755 3434 870 3500 noi,
902 3454 993 3489 ma
1028 3453 1140 3505 qua
1173 3436 1206 3490 e
1240 3452 1462 3504 sempre
1490 3435 1560 3488 da
1596 3432 1874 3504 batagliar
1917 3435 1947 3486 ¹.
1989 3435 2082 3487 Ma
2117 3449 2315 3503 sopor-

374 3616 388 3642 *
451 3614 760 3659 «Vicarius...
785 3613 1121 3666 Marianensis,
1144 3614 1283 3658 velut
1310 3613 1605 3671 jebusaeus,
1628 3610 1690 3655 ad
1711 3610 2108 3656 exercitationem
2132 3608 2318 3667 patien-

277 3687 383 3733 tiae
402 3688 622 3746 relictuS,
641 3688 864 3733 maximis
882 3702 1075 3747 semper
1092 3687 1329 3732 molestiis
1347 3687 1405 3731 Ρ.
1429 3686 1738 3744 Sylvestrum
1756 3684 2015 3737 afficiebat,
2034 3682 2116 3741 qui
2133 3689 2313 3734 tamen,

278 3761 466 3808 donum
489 3762 582 3807 Dei
603 3775 895 3820 agnoscens,
917 3761 1192 3807 humilitate
1214 3767 1264 3807 et
1282 3759 1515 3820 patientia
1531 3764 1701 3805 contra
1717 3758 1852 3804 illum
1871 3773 1923 3803 se
1941 3757 2203 3801 armabat.»
2223 3754 2317 3799 Po-

285 3845 484 3894 ιΑΝοο,
508 3837 549 3882 l.
577 3852 647 3889 c.,
672 3850 786 3895 pag.
822 3847 923 3894 102,
944 3851 999 3881 n.
1028 3835 1128 3881 188.
