2638 4334
425 293 477 329 12
1186 287 1258 324 An
1289 284 1571 322 LECTOREM

363 426 436 479 24
463 410 652 480 Dec.),
678 410 1013 465 Domenech
1033 424 1163 463 cum
1177 408 1398 479 Joanne
1418 403 1488 458 de
1512 402 1694 470 Vega‚
1720 415 1788 452 ex
1813 391 2017 466 Ignatii
2037 390 2405 464 praescriptO,

362 508 436 564 de
462 524 531 562 eo
557 505 884 563 redimendo
918 502 1156 559 sollicite
1190 502 1396 573 agebat
1432 501 1447 569 <
1454 514 1522 567 30
1558 495 1740 562 Dec.).
1781 494 1869 547 De
1903 489 2083 544 sicula
2115 487 2409 559 provincia

362 605 503 659 haec
528 602 768 658 dicenda
793 611 975 659 erant.

484 700 731 754 Viennae
756 697 815 752 in
843 695 1077 753 Austria
1104 692 1363 767 gnaviter
1390 708 1518 745 cum
1540 686 1708 742 sociis
1735 682 2101 740 adlaborabat
2127 683 2398 754 LanojuS,

360 794 459 867 qui
485 795 756 851 sollemne
782 802 1044 848 votorum
1069 798 1483 847 sacramentum
1510 783 1651 838 dixit
1686 795 1747 851 15
1777 783 1907 854 Jan.
1947 779 2001 852 (9
2028 779 2240 849 Mart.)‚
2270 796 2403 835 cum

362 908 500 947 ecce
538 891 760 962 quietos
801 889 1083 946 sociorum
1129 885 1346 941 animos
1391 879 1695 937 commovit
1734 877 2082 948 injucundus
2124 874 2263 947 ipsis
2299 893 2407 934 nec

365 986 635 1059 opinatus
661 1005 872 1053 rumor,
905 1002 1019 1056 quo
1045 982 1309 1040 Canisius
1335 980 1408 1035 ad
1441 978 1633 1033 sedem
1669 973 2037 1030 viennensem
2077 972 2410 1028 evehendus

364 1085 662 1140 ferebatur.
694 1084 842 1140 Cum
876 1079 1159 1154 pontificis
1204 1075 1404 1132 nuntio
1445 1072 1807 1142 Martinengo
1842 1067 2108 1125 Canisius
2143 1067 2284 1140 agis,
2322 1067 2412 1123 vi·-

362 1179 623 1250 ctrixque
649 1179 773 1251 ejus
799 1176 1122 1249 eloquentia
1147 1175 1204 1229 id
1230 1172 1467 1237 obtinet,
1499 1179 1563 1223 ut
1590 1167 1999 1240 persuadeatur
2025 1164 2264 1221 nuntius
2291 1183 2412 1221 non

364 1285 625 1348 oportere
651 1275 808 1330 illum
837 1271 1145 1346 episcopali
1172 1269 1450 1342 dignitate
1477 1264 1663 1321 ornari
1691 1264 1780 1335 (27
1801 1262 1941 1336 Jul.)
1969 1263 2212 1318 Caetera
2230 1251 2414 1320 Vien-

366 1389 474 1428 nae
500 1382 646 1427 acta:
677 1371 941 1444 migratio
967 1369 1205 1440 alicujus
1237 1385 1308 1422 ex
1344 1363 1551 1420 nostris
1586 1362 1644 1415 in
1679 1359 1987 1431 collegium
2023 1359 2411 1427 archiducale,

369 1467 606 1523 aliorum
634 1485 770 1523 vero
797 1467 852 1521 in
874 1465 1208 1522 coenobium
1231 1460 1664 1526 carmelitarum3
1691 1456 1860 1512 miser
1882 1463 2065 1511 status
2085 1455 2411 1513 academiae

368 1563 829 1631 vindobonensis,
858 1561 1183 1618 inferiorum
1211 1568 1399 1615 autem
1427 1565 1747 1612 nostrarum
1782 1554 2104 1608 scholarum
2140 1553 2412 1624 frequen-

371 1659 468 1727 tia,
499 1660 843 1734 domesticae
870 1658 1319 1722 exercitationeS‚
1345 1653 1748 1725 discipulorum
1770 1668 1873 1722 pro
1892 1649 2174 1721 religione
2199 1650 2414 1707 tuenda

370 1756 643 1823 studium,
686 1759 826 1814 haec
866 1755 1089 1826 aliaque
1132 1754 1303 1824 hujus
1348 1749 1575 1824 generis
1608 1749 1667 1803 in
1701 1746 1955 1819 epistolis
1994 1747 2193 1818 Lanoy
2230 1746 2417 1802 fusius

370 1853 731 1924 explicantur
756 1855 811 1924 (4
838 1853 1010 1920 Nov.,
1043 1867 1073 1906 2
1102 1851 1282 1919 Dee.).

487 1949 717 2004 Colonia
744 1966 881 2005 vero
908 1946 1195 2003 Kesselius
1231 1943 1451 2017 Ignatio
1483 1962 1587 1998 suo
1622 1940 1794 1995 mittit
1835 1940 2135 1995 formulam
2169 1938 2414 1996 emissae

371 2043 739 2115 professionis
767 2045 857 2116 (27
878 2044 1052 2117 Jan.);
1083 2039 1492 2097 coloniensium
1519 2039 1874 2093 voluntatem
1902 2035 2191 2108 significat
2219 2045 2282 2091 ut
2308 2037 2419 2094 So-

317 2152 320 2154 ·
370 2139 548 2195 cietas
572 2140 765 2196 sedem
793 2140 962 2194 fixam
991 2147 1048 2195 et
1074 2137 1352 2210 propriam
1380 2136 1531 2207 apud
1558 2134 1711 2206 ipsos
1738 2134 1965 2199 habeat,
2007 2133 2103 2188 cui
2135 2131 2418 2188 voluntati

320 2232 322 2234 ’
369 2235 531 2291 curio
556 2236 627 2290 ad
655 2237 810 2293 Stae.
845 2236 1158 2291 Columbae
1186 2232 1411 2304 penitus
1436 2232 1768 2288 adversatur
1797 2230 2103 2303 (28·Feb.)‚
2128 2248 2299 2302 quem
2321 2228 2415 2285 alii

370 2340 691 2402 sequuntur
742 2333 839 2403 (30
892 2331 1063 2403 Apr.)
1092 2350 1103 2385 z
1159 2332 1348 2385 bonus
1399 2327 1684 2383 sociorum
1737 2328 1877 2382 odor
1929 2326 2134 2383 crescit
2185 2326 2245 2381 in
2295 2325 2417 2382 dies

375 2428 428 2499 <2
458 2429 647 2499 Nov.).

482 2525 734 2579 Lovanio
762 2523 1177 2581 Adriaenssens
1203 2540 1432 2577 cursum
1466 2540 1655 2577 rerum
1684 2539 1916 2576 suarum
1946 2520 2171 2594 Ignatio
2197 2519 2414 2576 scribit:

367 2618 688 2687 evanuisse,
720 2620 819 2688 ait,
852 2619 1111 2676 timorem
1140 2637 1307 2689 quem
1328 2627 1706 2690 conceperant
1728 2617 1867 2673 socii
1893 2619 1967 2672 ob
1987 2617 2420 2673 candidatorum

370 2715 692 2787 ingressum
720 2715 776 2771 in
805 2716 1165 2774 Societatem:
1198 2717 1451 2771 nondum
1488 2716 1714 2770 tandem
1742 2714 1996 2772 illuxisse
2026 2723 2272 2786 tempuS‚
2304 2731 2420 2787 quo

368 2811 673 2883 collegium
701 2811 920 2867 institui
949 2812 1124 2884 possit
1152 2814 1242 2884 (19
1273 2812 1459 2883 Apr.),
1490 2811 1595 2867 etsi
1624 2813 1815 2883 plures
1840 2811 2209 2869 inveniantur
2227 2809 2413 2879 amici,

375 2906 523 2965 inter
548 2926 692 2979 quos
718 2907 1044 2965 Ludovicus
1073 2908 1316 2975 Blosius,
1348 2908 1444 2980 qui
1471 2926 1601 2963 cum
1639 2908 1757 2963 suis
1792 2908 2087 2964 monachis
2122 2906 2418 2979 ignatiana

371 3003 641 3060 exercitia
666 3004 886 3077 peregit
914 3006 1006 3075 (26
1032 3006 1203 3073 Oct.).

484 3101 734 3173 Tempus
758 3110 845 3157 est
883 3110 943 3156 ut
977 3102 1049 3156 ad
1082 3102 1536 3173 hispaniensium
1578 3103 1844 3173 epistolas
1885 3121 1990 3158 nos
2029 3101 2411 3158 conferamus·

375 3197 576 3253 Plures
601 3197 823 3253 edimus
850 3205 970 3252 tum
999 3198 1070 3252 ab
1107 3198 1368 3264 Araozio‚
1414 3199 1765 3269 provinciali,
1812 3209 1931 3254 tum
1973 3218 2006 3253 a
2045 3199 2219 3252 fratre
2255 3197 2420 3263 Gon,

370 3293 538 3364 cujus
562 3311 734 3365 opera
760 3293 817 3348 in
844 3294 1143 3349 scribendo
1170 3294 1262 3351 ille
1290 3294 1577 3361 utebatur,
1617 3306 1894 3352 exaratas,
1936 3298 1999 3351 In
2035 3294 2244 3367 quibus
2279 3293 2420 3348 illud

372 3388 635 3446 universe
662 3390 868 3456 elucet,
898 3389 1238 3447 Societatem
1266 3390 1322 3445 in
1354 3390 1628 3462 Hispania
1649 3394 1902 3449 secundo
1925 3401 2098 3450 vento
2120 3389 2417 3462 navigare,

373 3502 613 3556 eamque
642 3486 787 3542 ultra
813 3485 1095 3542 sociorum
1130 3486 1279 3542 vires
1313 3497 1370 3543 et
1408 3505 1706 3544 numerum
1748 3489 2008 3561 pluribus
2046 3488 2107 3543 in
2144 3486 2286 3543 locis
2319 3505 2424 3543 ex-

374 3580 507 3652 peti.
542 3580 639 3638 Sic
666 3582 738 3637 ad
768 3580 1056 3638 Baeticam
1083 3600 1117 3637 a
1146 3584 1276 3637 Bto.
1308 3583 1472 3638 Avila
1512 3586 1862 3640 vocabantur
1896 3587 1988 3658 (19
2015 3585 2192 3659 Jan.),
2235 3600 2422 3655 nego·

375 3676 516 3733 tium
537 3677 912 3735 cordubensis
930 3677 1156 3749 collegii
1178 3695 1368 3734 comes
1388 3679 1460 3735 de
1482 3680 1643 3736 Feria
1665 3682 1914 3752 urgebat.
1930 3683 2020 3754 (12
2044 3681 2226 3752 Maj.)‚
2251 3680 2421 3736 Abu-

372 3772 461 3829 lae
486 3775 898 3847 expetebantur
924 3774 1062 3831 socii
1090 3779 1180 3846 (13
1216 3778 1395 3845 Oct.)‚
1436 3794 1621 3847 eoque
1658 3795 1719 3832 se
1755 3779 2074 3835 contulerat
2110 3779 2178 3833 P.
2218 3774 2418 3832 Ferdi-
