2638 4334
427 212 515 269 256
1049 208 1348 254 Eius-rotas
1379 206 1736 264 Mutus—585

366 339 567 411 pietra,
591 336 740 393 nella
767 334 934 406 quale
959 352 1103 391 sono
1129 332 1367 405 scolpite
1393 342 1594 403 queste
1614 333 1845 404 parolle:
1870 333 2111 389 Fuluius
2132 334 2415 402 Cernens,

366 431 668 490 cardinalis
720 438 779 488 et
831 429 1132 503 episcopus
1183 428 1515 502 perusinuS,
1573 429 1643 483 ad
1703 430 2060 485 commodum
2115 429 2417 487 Societatis

357 534 518 604 Jesu‚
558 541 716 599 1553:
747 536 806 583 et
838 526 919 583 iui
952 544 1160 584 nomen
1195 526 1267 580 de
1294 527 1435 599 Jesu
1467 526 1503 578 ¹.
1538 510 1583 580 E
1613 523 1843 581 uisitato
1876 524 1916 580 il
1942 526 2119 598 luogo
2145 527 2216 581 da
2253 526 2413 581 molti

367 628 588 694 adeSSO,
626 643 738 681 con
772 642 889 680 non
923 640 1099 696 pocca
1119 620 1488 678 admiratione
1510 628 1567 677 et
1604 620 2028 691 approbatione.
2066 622 2201 678 Cosi
2236 621 2274 676 il
2319 620 2412 679 Si-

368 741 552 795 gnore
573 740 667 789 ua,
699 739 860 777 come
886 718 1150 793 par'ogni
1177 717 1233 772 di
1260 716 1379 789 piu,
1403 717 1802 788 promettendo
1827 735 1862 772 a
1888 727 2089 789 questa
2109 727 2284 790 gente
2313 734 2415 789 per

361 818 673 875 ministerio
716 817 865 874 della
908 814 1283 887 Compagnia,
1323 813 1362 867 il
1400 815 1508 870 che
1543 812 1797 883 alquanti
1843 813 2201 870 cominciano
2237 834 2270 870 a
2307 830 2407 869 co-

361 932 658 987 gnoscere:
689 913 769 969 dil
793 915 902 970 che
927 911 1011 967 sia
1037 909 1372 983 ringratiato
1399 908 1459 963 in
1492 918 1773 964 eternum.

477 1009 638 1067 Tutti
664 1009 683 1065 i
710 1008 915 1066 fratelli
954 1007 1010 1063 di
1057 1025 1169 1078 qua
1203 1024 1303 1078 per
1338 1005 1525 1078 gratia
1551 1023 1655 1060 sua
1690 1014 1895 1062 stanno
1920 1006 2088 1073 bene,
2119 1023 2229 1062 con
2265 1023 2410 1079 gran

364 1104 648 1165 desiderio
697 1104 1036 1178 aspettando
1071 1104 1127 1157 la
1165 1110 1377 1158 uenuta
1412 1100 1471 1155 di
1506 1101 1683 1157 nostri
1718 1101 2030 1157 charissimi
2067 1100 2270 1160 fratelli
2322 1104 2414 1157 ch’

364 1207 558 1260 hanno
585 1204 659 1259 da
686 1201 959 1275 passar'di
987 1218 1120 1272 qua,
1149 1207 1207 1254 et
1233 1216 1506 1270 speranza
1525 1200 1617 1254 ch’
1650 1198 1764 1270 egli
1786 1207 2131 1270 portaranno
2151 1215 2260 1254 con
2280 1216 2415 1255 seco

364 1318 558 1358 nuoue
583 1298 642 1355 di
671 1296 1046 1380 Padrixnostri
1072 1296 1219 1351 della
1245 1293 1422 1351 India.
1447 1295 1577 1351 Alle
1598 1294 1838 1350 orationi
1858 1295 1930 1351 de
1951 1297 2024 1351 V.
2051 1297 2119 1350 R.
2145 1296 2218 1350 da
2237 1312 2415 1352 cuore

365 1397 418 1452 ci
446 1393 1013 1452 raccommandiamO.
1054 1394 1143 1448 De
1180 1389 1429 1463 Perugia
1463 1410 1497 1446 a
1542 1392 1607 1447 16
1639 1390 1878 1463 d’aprile
1922 1404 2078 1461 1553.
2121 1394 2194 1447 D.
2233 1393 2307 1447 V.
2339 1392 2408 1447 R.

365 1509 536 1550 seruo
561 1491 781 1557 inutile,

1446 1585 1636 1640 Euan.
1668 1586 2103 1640 MARCURIANO.

483 1685 807 1756 Inscriptio:
834 1682 872 1755 ’ἰ-
899 1683 975 1739 Al
1010 1682 1187 1737 molto
1213 1679 1352 1737 R.d0
1377 1680 1437 1735 in
1463 1682 1562 1737 X.⁰
1602 1681 1807 1748 Padre,
1844 1680 1883 1735 il
1921 1682 1988 1735 P.
2023 1682 2099 1736 M.
2135 1681 2407 1737 Polanco,

459 1880 473 1907 ¹
537 1876 666 1922 Vide
687 1876 962 1932 POLANCO,
986 1882 1022 1920 t.
1046 1886 1116 1933 111,
1141 1889 1253 1935 pag.
1277 1883 1354 1933 52,
1376 1890 1431 1921 n.
1461 1885 1538 1932 91,
1564 1874 1647 1920 ubi
1669 1875 1789 1920 haec
1810 1875 1975 1920 omnia
2010 1873 2307 1921 referuntur.
2331 1875 2408 1920 De

369 1950 551 1999 vicario
567 1957 732 1996 autem
748 1949 1008 1995 cardinalis
1026 1948 1261 2009 perusini,
1274 1948 1507 2009 frequens
1533 1956 1609 1995 est
1626 1948 1755 2008 apud
1777 1948 1988 1995 eundem
2006 1962 2184 2008 sermo,
2205 1963 2317 1994 cum
2334 1963 2415 1994 res

368 2024 513 2086 hujus
530 2023 727 2083 collegii
744 2030 1026 2084 pertractat,
1045 2022 1297 2083 illumque,
1315 2022 1464 2068 tacito
1482 2022 1589 2082 ejus
1598 2023 1816 2083 nomine,
1833 2029 1978 2068 vocat
1995 2037 2123 2069 nunc
2141 2023 2413 2076 vicarium,

366 2114 498 2146 nunc
511 2099 937 2159 pro-episcopum.
969 2099 1097 2157 Jam,
1120 2112 1181 2143 ex
1203 2098 1483 2156 UGHELLO,
1509 2097 1665 2143 Italia
1684 2112 1847 2153 sacra,
1875 2103 1911 2142 t.
1934 2109 1970 2157 1,
1999 2099 2098 2143 col.
2132 2107 2265 2157 1170,
2293 2097 2416 2143 haec

366 2172 717 2235 depromimus,
754 2186 879 2233 quae
917 2172 977 2218 ad
1012 2173 1141 2217 hunc
1177 2173 1337 2218 locum
1375 2171 1716 2218 illustrandum
1753 2171 1957 2218 faciunt:
1992 2172 2260 2219 «FULVJUS
2296 2172 2416 2219 Cor-

366 2262 587 2300 naeuS‚..
618 2261 731 2293 cum
761 2246 1025 2292 Perusinae
1055 2246 1305 2293 Ecclesiae
1333 2261 1420 2306 per
1447 2246 1739 2307 gravissima
1759 2246 2078 2307 Reipublicae
2096 2246 2294 2306 negotia
2315 2260 2414 2293 non

366 2323 462 2370 sibi
484 2315 656 2368 liceret
685 2321 879 2380 adesse,
910 2321 1042 2367 illam
1072 2322 1359 2382 Hippolyto,
1385 2336 1474 2367 suo
1504 2322 1656 2379 affini,
1686 2322 1857 2381 cessit,
1888 2322 1984 2368 sibi
2012 2321 2080 2379 ad,
2103 2321 2310 2367 eandem
2340 2336 2414 2367 re-

367 2405 564 2444 servato
602 2410 850 2456 regressu,
889 2411 1016 2442 anno
1056 2395 1186 2454 1553,
1216 2410 1328 2442 cum
1358 2403 1523 2442 tamen
1560 2395 1844 2456 Spoletinae
1875 2395 2125 2451 admotus,
2165 2395 2215 2442 id
2251 2395 2415 2442 oneris

366 2473 532 2519 subire
554 2485 652 2518 non
689 2471 1048 2517 recusaverit.»
1072 2472 1135 2515 Et
1162 2471 1330 2531 paucis
1368 2470 1658 2529 interjectis,
1696 2470 1848 2516 addit:
1888 2472 2261 2517 «HIPPOLYTUS
2296 2469 2414 2517 Cor-

365 2561 537 2606 naeus,
568 2560 630 2592 ex
661 2545 1020 2591 Archidiacono
1047 2544 1354 2591 Cathedralis
1383 2559 1411 2591 a
1442 2546 1575 2604 Julio
1598 2557 1652 2591 m
1680 2545 1919 2592 Pontifice
1945 2545 2167 2592 adlectus
2196 2552 2274 2591 est
2301 2546 2415 2606 Epi-

369 2633 548 2680 scopus
571 2633 698 2665 anno
724 2617 857 2678 1553,
878 2618 958 2665 die
978 2620 1035 2664 26
1065 2619 1248 2665 mensis
1279 2619 1462 2665 Martii.
1502 2620 1596 2666 Hic
1626 2619 1926 2679 jesuitarum
1950 2621 2134 2680 templo
2162 2618 2411 2666 fundando

365 2690 782 2738 fundamentalem
806 2691 1017 2751 lapidem
1034 2691 1177 2750 jecit.
1191 2708 1252 2737 ..»
1269 2717 1301 2725 -
1317 2692 1571 2752 Spoletum
1593 2700 1757 2738 autem
1779 2691 2038 2739 cardinalis
2058 2691 2281 2738 Corneus
2301 2706 2414 2738 eum

366 2773 501 2812 esset
537 2766 820 2817 translatus.
841 2763 917 2811 '26
949 2765 1110 2811 Martii
1144 2765 1274 2824 1553,
1306 2766 1559 2827 antiquum
1589 2781 1732 2831 suum
1763 2766 2000 2812 vicarium
2029 2779 2089 2812 eo
2125 2766 2410 2812 destinavit.

365 2841 500 2886 Haec
521 2839 752 2886 docemur
772 2854 801 2885 a
822 2840 1052 2899 Polanc0,
1070 2839 1171 2900 qui,
1190 2855 1302 2887 cum
1319 2841 1653 2901 superioribus
1674 2840 1815 2887 annis
1836 2842 2091 2897 tacuisset,
2110 2848 2162 2886 ut
2178 2839 2414 2900 diximus,

363 2913 535 2960 vicarii
571 2913 789 2975 perusini
825 2928 1022 2971 nomen,
1061 2914 1182 2960 illud
1217 2914 1279 2960 ad
1314 2930 1494 2961 annum
1537 2926 1649 2974 1555
1688 2916 1907 2975 protulit.
1947 2915 2034 2961 Ait
2070 2915 2218 2961 enim:
2266 2916 2411 2962 «Erat

363 2988 573 3049 Spoleti,
595 2989 702 3034 loco
730 2987 1005 3035 Cardinalis
1034 2989 1278 3049 Perusini,
1307 2989 1391 3050 qui
1421 3004 1529 3035 eam
1560 2989 1819 3036 ecclesiam
1848 2990 2145 3047 obtinuerat,
2175 2988 2412 3036 Perusina

363 3063 555 3120 relicta,
577 3061 803 3109 Vicarius
825 3062 918 3108 Dr.
956 3063 1171 3121 Joannes
1201 3062 1364 3118 Oliva,
1396 3065 1479 3125 qui
1509 3064 1592 3110 diu
1625 3064 1817 3111 Perusii
1845 3063 2070 3110 Vicarius
2099 3063 2277 3123 fuerat,
2298 3078 2410 3110 cum

364 3136 497 3182 idem
517 3134 795 3183 Cardinalis
815 3136 1163 3197 Episcopatum
1202 3137 1338 3183 illum
1362 3145 1614 3184 teneret.»
1653 3139 1958 3197 POLANCUS,
1984 3146 2024 3184 t.
2054 3149 2106 3195 v,
2130 3151 2242 3199 pag.
2260 3136 2337 3193 63,
2361 3153 2410 3183 n.

368 3210 625 3257 138.—Ab
647 3210 821 3257 eodem
843 3210 1117 3267 POLANCO,
1139 3212 1291 3269 ibid„
1315 3227 1426 3273 pag.
1450 3214 1527 3272 62,
1552 3228 1599 3258 n.
1629 3211 1730 3269 132,
1751 3212 1901 3259 etiam
1932 3213 2052 3259 illud
2079 3213 2276 3272 dicitur,
2298 3226 2414 3258 esse

364 3283 621 3331 «Vicarius
659 3299 873 3332 novus...
899 3285 986 3330 Dr.
1021 3285 1210 3331 Marcus
1241 3285 1487 3333 Antonius
1517 3286 1781 3343 Oradinus,
1817 3287 1902 3347 qui
1931 3288 1993 3333 ab
2024 3287 2164 3333 initio
2199 3285 2412 3345 Collegii

364 3356 523 3404 fautor
546 3357 754 3406 fuerat.»
789 3359 833 3406 A
854 3372 1064 3419 quonam
1095 3372 1212 3404 vero
1241 3367 1459 3421 tempore
1491 3375 1667 3407 munus
1706 3376 1849 3407 suum
1878 3362 1958 3408 hic
1988 3361 2124 3407 obire
2153 3360 2413 3421 inceperit,

364 3431 508 3477 nobis
531 3434 782 3495 hucusque
802 3439 940 3480 certo
962 3447 1059 3478 non
1080 3441 1289 3480 constat.
