2638 4334
413 265 502 324 344
1028 266 1326 313 Episrozn
1357 264 1623 311 vam—
1637 262 1726 320 617

355 390 669 465 temporali.
710 392 769 447 Io
803 410 918 448 non
961 393 1107 451 uedo
1139 393 1283 448 altro
1318 409 1529 449 mezzo:
1568 407 1630 446 se
1665 390 1834 445 uorro
1866 391 2049 447 ussar'
2084 388 2396 446 l’auttorita

349 489 429 545 dil
454 490 649 555 breue,
680 487 881 545 dubito
908 507 1024 546 non
1049 489 1134 545 sia
1159 488 1415 547 riceuuta
1441 489 1495 543 la
1522 485 1820 554 medicina,
1858 495 1915 544 et
1951 486 2044 559 poi
2079 486 2135 542 io
2168 504 2283 543 non
2318 486 2395 541 mi

339 593 505 642 sento
531 592 651 639 atto
678 585 749 640 ne
776 583 1047 658 dispostO.
1081 586 1211 643 Alle
1238 583 1579 640 confessioni
1615 584 1674 638 d'
1705 601 1818 640 una
1845 584 1974 641 luce
2002 602 2034 639 a
2068 583 2105 637 l'
2136 583 2298 650 altra,
2337 591 2395 639 et

342 680 451 736 alle
479 678 848 751 predicationi
875 690 934 738 et
968 680 1216 737 dottrina
1251 698 1363 736 non
1404 697 1625 735 manco:
1667 687 1824 735 tanta
1859 680 1892 736 e
1925 679 1980 734 la
2014 677 2305 735 diuotione
2338 677 2395 733 di

343 774 531 846 questi
550 774 769 847 poueri,
800 777 907 835 che
932 794 1138 850 passan
1167 794 1281 832 una
1300 778 1439 831 hora
1464 784 1522 832 et
1542 774 1640 847 piu
1659 774 1718 830 di
1736 784 1922 844 notte,
1943 777 2034 831 ch'
2058 792 2265 831 ancora
2283 773 2396 830 sia-

348 889 442 927 mo
468 871 578 927 alla
598 870 1002 943 predicatione,
1026 882 1085 928 et
1107 872 1384 939 oratione3
1408 872 1481 928 ne
1502 889 1671 944 posso
1693 872 1811 929 fare
1831 871 1888 927 di
1909 889 2131 940 manc0‚
2155 870 2398 928 uolendo

355 966 617 1023 sodisfar'
647 968 757 1023 alla
785 976 943 1025 tanta
969 987 1073 1024 sua
1100 967 1411 1025 diuotione.

470 1061 639 1119 Cir0a
664 1063 723 1118 di
750 1064 909 1121 Luca
932 1063 1191 1122 doeidero
1217 1065 1324 1119 che
1351 1065 1423 1119 ne
1449 1063 1637 1120 scriue
1662 1064 1811 1120 della
1836 1063 2021 1136 gratia
2045 1064 2124 1136 gl'
2155 1065 2228 1118 ha
2262 1062 2403 1118 fatto

363 1166 558 1215 nostro
584 1157 848 1231 Signore,
879 1159 1037 1216 accio
1068 1159 1152 1214 sia
1178 1158 1495 1231 glorificato
1530 1159 1627 1231 piu
1662 1160 1737 1215 da
1770 1158 1885 1215 noi:
1917 1176 2057 1216 sono
2082 1157 2270 1215 alcuni
2296 1160 2404 1215 che

365 1253 640 1311 uorianno
674 1258 781 1312 che
826 1255 922 1311 noi
967 1255 1273 1328 potessimo
1318 1255 1667 1328 legittimar'.
1718 1256 1922 1328 Questi
1968 1253 2403 1328 gentilhuomini

363 1350 513 1406 dalla
548 1350 739 1407 Bastia
776 1370 1045 1425 uengono
1084 1351 1223 1424 ogni
1257 1353 1314 1407 di
1341 1371 1374 1407 a
1400 1352 1672 1422 uisitarci,
1710 1364 1768 1408 et
1802 1352 2063 1410 massime
2097 1355 2175 1409 M.
2216 1354 2404 1408 Bene-

365 1448 525 1503 detto
550 1447 708 1505 Sauli
735 1448 1038 1504 Casanoua
1064 1465 1173 1504 con
1206 1448 1334 1505 altri
1370 1449 1537 1517 assai,
1578 1459 1637 1506 et
1671 1452 1743 1506 V.
1789 1452 1858 1506 R.
1897 1452 2059 1522 potra
2090 1447 2326 1504 dirizare
2351 1448 2405 1502 le

364 1544 566 1601 lettere
593 1562 626 1599 a
652 1544 714 1601 S.
746 1543 886 1602 S‚ria
925 1563 1025 1618 per
1052 1562 1246 1602 mezzo
1272 1545 1330 1601 di
1357 1547 1490 1619 quel
1523 1555 1812 1603 mercante
1846 1548 1954 1604 che
1984 1554 2147 1619 porta
2183 1545 2238 1601 la
2276 1563 2404 1616 pre-

368 1648 549 1707 sente,
579 1640 737 1696 accio
763 1640 924 1697 siano
951 1651 1171 1713 portate
1199 1642 1542 1700 fidelmente.

478 1735 557 1792 Mi
585 1738 928 1793 racomando
953 1755 1061 1793 con
1088 1740 1147 1797 S.
1180 1738 1319 1797 S,ria
1339 1748 1398 1796 et
1425 1740 1558 1796 tutti
1584 1741 1666 1814 gli
1691 1741 1859 1798 amici
1889 1738 2069 1796 nostri
2102 1740 2210 1796 alle
2241 1738 2407 1794 diuo—

368 1831 582 1888 tissime
607 1832 848 1889 orationi
873 1834 932 1889 di
960 1837 1030 1891 V.
1065 1837 1158 1902 R„
1197 1844 1254 1891 et
1289 1844 1439 1892 tutta
1465 1838 1502 1891 l'
1531 1836 1692 1907 isola,
1719 1839 1828 1894 che
1851 1837 1901 1894 si
1926 1838 2208 1894 mandono
2235 1833 2411 1891 buoni

369 1928 600 2000 pastori,
632 1937 689 1985 et
715 1929 865 1985 santi
890 1931 1150 2003 operarij.
1190 1934 1280 1988 Da
1317 1933 1506 1989 Cardo
1540 1933 1636 1989 alli
1679 1948 1743 2003 17
1784 1934 1842 1989 di
1877 1933 2141 2007 Giugnio
2186 1945 2326 2003 1554
2369 1933 2407 1987 ¹.

371 2026 444 2080 D.
478 2026 550 2080 V.
584 2026 649 2081 R.
687 2027 752 2083 P.
784 2027 1096 2082 humillimo
1122 2046 1292 2085 seruo
1316 2030 1412 2085 nel
1437 2038 1633 2086 nostro
1662 2029 1929 2103 Signore.

1116 2125 1461 2183 SrLtms‘rRo
1500 2128 1778 2184 LANnmo
1817 2128 1890 2184 da
1916 2128 2185 2184 Sarzana.

485 2316 810 2388 Inscriptio:
837 2270 982 2375 ΙΙῒΙὸ.
1011 2319 1085 2375 ΑΙ
1104 2318 1218 2375 mio
1238 2320 1415 2376 molto
1437 2321 1582 2378 Rdo.
1612 2321 1796 2379 Padre
1816 2322 1910 2379 nel
1930 2329 2125 2377 nostro
2143 2319 2407 2392 Signore,

373 2411 411 2467 il
440 2413 505 2468 P.
539 2414 619 2470 M.
651 2412 873 2485 Ignatio
900 2415 1130 2486 Loyola,
1160 2416 1447 2489 preposito
1473 2418 1622 2474 della
1648 2417 2004 2491 Compagnia
2029 2417 2088 2472 di
2112 2417 2275 2474 Gesu
2308 2433 2412 2488 ge-

377 2510 587 2576 nerale,
635 2508 695 2564 in
728 2518 892 2565 santa
920 2510 1096 2567 Maria
1132 2513 1279 2569 dalla
1305 2514 1530 2584 Strada,
1569 2532 1838 2588 appresso
1864 2533 1898 2571 a
1921 2523 2086 2571 santo
2111 2515 2325 2579 MarcO,
2355 2511 2415 2568 in

378 2606 575 2662 Roma.

464 2786 482 2813 ¹
545 2783 628 2831 Sic
660 2785 925 2845 legendum
956 2787 1168 2849 videtur,
1200 2795 1251 2835 et
1280 2789 1349 2836 ita
1376 2790 1604 2838 librarius
1640 2804 1868 2838 romanus
1905 2790 2028 2851 legit
2048 2789 2336 2851 notavitque
2366 2789 2417 2836 in

374 2859 544 2906 charta
573 2874 603 2905 a
624 2866 782 2920 tergm
808 2860 898 2907 sed
930 2876 1062 2908 error
1090 2869 1166 2909 est
1184 2863 1492 2923 manifestus,
1514 2864 1757 2927 siquidem
1780 2864 1982 2912 ineunte
2005 2852 2182 2911 Martio
2207 2875 2339 2923 1554,
2356 2863 2419 2910 ad

373 2947 577 2993 superos
600 2934 849 2982 Landinus
871 2937 1101 2991 evolavit,
1128 2945 1181 2984 ut
1197 2946 1391 2985 constat
1412 2954 1474 2985 ex
1497 2939 1717 3001 epistolis
1740 2954 1867 2986 anno
1898 2939 2119 3000 proximo
2149 2938 2421 3000 producen-

372 3006 466 3053 dis.
487 3007 626 3055 Haec
646 3017 811 3056 autem
834 3011 1038 3071 epistola
1055 3027 1166 3058 cum
1189 3021 1428 3075 sequente
1450 3014 1668 3076 apprime
1688 3013 1886 3076 quidem
1903 3015 2149 3061 cohaeret.
