2638 4334
1007 280 1067 327 ²⁴
1098 270 1404 315 Dsscnunms
1441 267 1553 326 1553
1837 303 1848 309 .
2151 278 2238 334 ⁶77

262 400 411 459 tuor,
442 411 639 464 parum
666 395 850 450 abfuit
883 395 1021 466 quin
1054 394 1114 449 in
1148 393 1289 449 mari
1323 397 1948 467 comprehenderemur3
1979 402 2080 456 sed
2115 404 2295 458 noluit

259 488 521 544 dominus
547 492 707 546 Deus
732 500 926 548 noster
951 499 1035 547 tot
1060 489 1278 547 animas
1297 490 1369 544 ab
1396 489 1737 560 infidelibus,
1761 495 2039 566 sanguine
2072 515 2179 552 suo
2206 517 2295 554 re·

257 585 534 656 demptaS,
565 603 631 641 ac
659 587 991 659 baptizatas,
1022 586 1166 659 capi.
1198 588 1413 656 Itaque,
1445 603 1575 640 cum
1604 588 1675 640 ad
1703 596 1928 656 terram,
1954 594 2122 662 paulo
2141 604 2294 650 ante·

257 698 425 749 quam
452 680 552 748 illi,
583 682 1070 753 applicuissemuS,
1100 683 1403 738 nauclerus
1436 691 1495 735 et
1521 691 1749 749 nautae,
1781 684 1975 741 relicta
2008 688 2291 755 nauicula,

257 777 428 846 fugae
454 796 516 832 se
542 780 831 834 mandant.
864 781 991 835 Hoc
1017 796 1216 835 omnes
1241 777 1336 832 alii
1368 778 1658 847 aemulati,
1696 778 1843 835 idern
1883 782 2115 837 faciunt.
2148 785 2295 840 Sunt

256 882 477 929 montes
518 874 678 929 iuxta
723 893 898 941 mare,
930 874 1079 946 pleni
1119 873 1389 945 vepribus
1423 872 1714 944 spinisque
1749 884 1920 945 atque
1959 879 2291 947 arbusculis,

251 970 554 1038 opportuni
583 970 830 1027 latebris
859 973 940 1025 Eo
966 989 1071 1026 nos
1097 988 1266 1041 quam
1295 968 1538 1023 maxima
1564 970 1851 1040 potuimus
1885 973 2171 1030 celeritate
2212 976 2293 1029 fe·-

252 1064 608 1120 stinauimuS.
642 1067 907 1122 Insectati
935 1085 1040 1121 nos
1067 1065 1319 1136 quinque
1339 1074 1562 1134 turcae,
1595 1068 1841 1121 arcubus
1866 1076 1925 1122 et
1963 1069 2167 1140 gladiis
2205 1070 2291 1124 in-

250 1161 471 1226 structi,
504 1162 745 1232 primum
795 1173 907 1219 tres
951 1162 1216 1218 mulieres
1264 1171 1322 1219 et
1367 1162 1667 1232 puerulum
1709 1163 1991 1232 quendam
2039 1165 2288 1235 capiunt,

248 1275 410 1326 quas,
439 1260 592 1327 quod
620 1277 734 1312 non
767 1258 904 1314 satis
939 1257 1351 1315 maturauerint
1388 1259 1608 1329 fugam,
1649 1258 1813 1314 facile
1846 1263 2290 1331 comprehende-

247 1362 398 1407 runt.
431 1355 525 1408 Ad
553 1373 658 1409 nos
682 1373 814 1409 cum
844 1363 1143 1421 venerunt,
1175 1354 1272 1424 qui
1299 1354 1616 1410 latebamus
1642 1355 1905 1410 absconsi
1939 1355 1998 1410 in
2024 1357 2288 1422 dumetiS,

248 1453 474 1504 Patrem
495 1450 829 1522 magistrum
842 1432 1122 1524 Joannem
1142 1450 1486 1516 Guttanum,
1509 1451 1662 1520 quod
1684 1450 1741 1504 in
1764 1450 1966 1508 itinere
1987 1452 2288 1519 ceciderat,

245 1564 431 1615 neque
456 1545 594 1600 satis
621 1556 940 1617 opportuno
967 1547 1094 1601 loco
1118 1564 1181 1600 se
1200 1547 1433 1612 locarat,
1460 1535 1808 1617 repe'rerunt,
1841 1565 2009 1617 quem
2038 1547 2290 1602 vinctum

242 1661 446 1697 manus
470 1651 598 1713 post
625 1652 851 1715 tergum
879 1643 1001 1714 (pro
1026 1642 1250 1714 dolor!),
1282 1644 1354 1697 ad
1381 1661 1536 1699 mare
1562 1642 1857 1697 miserunt.
1884 1645 2125 1712 Interea,
2156 1645 2289 1699 dum

240 1738 365 1793 aliis
390 1738 847 1810 peruestigandis
872 1747 1045 1809 atque
1070 1757 1103 1794 e
1129 1737 1362 1794 latebris
1388 1738 1676 1794 exciendis
1696 1756 1924 1810 operam
1946 1741 2104 1806 dant,
2136 1740 2290 1810 capi-

242 1845 444 1890 taneus
471 1835 595 1892 eius
620 1835 808 1902 villae,
840 1853 1010 1905 quam
1037 1834 1174 1903 dixi,
1205 1853 1336 1889 cum
1375 1852 1445 1904 30
1479 1845 1579 1890 aut
1613 1835 1855 1906 amplius
1887 1836 2117 1892 armatis
2144 1835 2288 1889 mili-

242 1931 393 1986 tibus
419 1933 491 1986 ad
517 1948 672 1986 mare
697 1931 957 2000 veniunt,
988 1930 1152 1986 nobis
1180 1949 1344 2002 opem
1374 1931 1615 1986 allaturi.
1650 1933 1731 1986 Ea
1758 1950 1849 1986 res
1888 1932 1996 1986 fuit
2027 1932 2086 1986 in
2121 1950 2290 1987 causa

239 2047 415 2098 quare
440 2030 836 2096 euaderemus;
861 2028 1133 2098 alioquin,
1157 2028 1266 2083 nisi
1287 2029 1346 2082 hi
1368 2028 1642 2099 quinque,
1674 2038 1973 2099 postquam
1997 2028 2290 2084 intellexe-

239 2134 373 2180 runt
398 2126 710 2181 aduentum
738 2124 983 2193 illorum,
1006 2142 1132 2180 sese
1158 2124 1525 2195 recepissent,
1550 2133 1608 2179 et
1634 2143 1745 2196 ego
1773 2133 1829 2179 et
1856 2133 2137 2194 quotquot
2163 2143 2289 2178 era-

235 2238 383 2287 mus,
414 2219 768 2276 venissemus
794 2220 853 2275 in
894 2230 1181 2275 turcarum
1217 2230 1576 2293 potestatem.
1618 2222 1703 2274 Ex
1737 2239 1850 2290 quo
1886 2220 2154 2291 intelligit
2189 2239 2289 2291 pa-

242 2316 477 2372 ternitas
511 2326 608 2371 tua
642 2325 919 2387 quantum
958 2317 1267 2373 debeamus
1308 2317 1640 2390 (secundum
1680 2319 1866 2372 Deum
1906 2324 1964 2372 et
1997 2316 2287 2370 dominum

239 2422 497 2468 nostrum
522 2416 721 2486 Jesum
750 2413 1057 2485 Christum)
1092 2413 1173 2466 illi
1200 2431 1368 2485 pago,
1404 2414 1551 2468 Cum
1580 2431 1698 2468 rem
1725 2416 1874 2466 hanc
1909 2430 2134 2466 ornnem
2161 2412 2289 2466 dili—

239 2509 471 2580 gentius
515 2509 842 2576 considerO,
893 2519 1009 2564 tres
1053 2527 1257 2565 causas
1309 2509 1596 2581 comperio
1645 2509 1994 2566 liberationis
2037 2518 2283 2565 nostrae:

241 2606 524 2673 Primum,
563 2607 715 2676 quod
756 2616 952 2662 turcae
995 2615 1114 2661 tota
1148 2606 1245 2662 illa
1278 2616 1448 2663 nocte
1489 2606 1658 2662 remis
1693 2605 2018 2673 institerint,
2064 2604 2284 2675 fatigati

237 2705 429 2759 labore
447 2713 729 2758 nocturno
747 2703 960 2758 lentius
979 2702 1359 2775 remigabant,
1384 2721 1516 2758 cum
1539 2722 1643 2758 nos
1665 2703 2119 2771 insequerentur3
2144 2700 2285 2754 alio-

234 2799 332 2868 qui
359 2800 523 2854 facile
547 2800 607 2854 in
633 2800 775 2856 mari
802 2818 1000 2856 omnes
1025 2819 1133 2855 nos
1157 2799 1598 2871 oppressissent.
1627 2800 1911 2863 Alterum,
1937 2798 2093 2867 quod
2121 2815 2282 2866 prae-

238 2895 436 2965 cipuos
469 2915 502 2952 e
534 2895 654 2950 suis
687 2895 974 2951 misissent
1008 2898 1079 2952 ad
1119 2898 1366 2951 torcular
1406 2897 1690 2967 quoddam
1731 2893 1963 2958 saccari,
2007 2893 2157 2962 quod
2197 2902 2285 2945 est

238 2992 392 3045 haud
416 2993 613 3061 procul
639 2992 711 3046 ab
746 3011 815 3048 ea
847 2992 1002 3061 villa,
1044 2993 1139 3064 [et]
1170 3011 1302 3048 cum
1347 3011 1452 3047 nos
1486 3010 1691 3063 capere
1729 2987 2126 3051 instituissent,
2167 3004 2279 3040 non

237 3088 526 3143 habebant
550 3106 695 3159 quos
719 3087 1031 3156 mitterent,
1061 3089 1170 3144 nisi
1197 3090 1469 3159 quinque.
1504 3087 1697 3144 Tertia
1723 3103 1915 3151 causa,
1946 3093 2004 3139 et
2037 3100 2165 3137 meo
2190 3082 2279 3136 iu-

238 3183 386 3237 dicio
411 3183 736 3254 praecipua,
766 3193 854 3240 est
879 3185 1197 3240 subsidium
1226 3186 1391 3240 nobis
1419 3185 1653 3240 missum
1680 3185 1752 3237 ab
1789 3199 1855 3238 ea
1888 3180 2039 3235 villa.
2080 3178 2275 3242 Vides,

244 3282 433 3346 Pater,
464 3278 601 3349 quid
627 3279 791 3334 nobis
816 3280 1049 3336 Domini
1075 3282 1375 3337 clementia
1400 3281 1632 3336 euenire
1660 3296 1824 3350 passa
1843 3277 1935 3331 sit.
1960 3277 2107 3331 Cum
2137 3277 2276 3329 Bar-

237 3375 520 3431 chinonae
539 3392 816 3455 essemuS,
846 3375 1171 3432 distulimus
1210 3376 1637 3448 nauigationem
1666 3393 1765 3429 sex
1792 3390 2035 3437 menseS,
2066 3372 2140 3425 ob
2163 3388 2274 3426 me-

240 3481 359 3525 tum
389 3480 703 3525 turcarum.
743 3472 890 3526 Cum
920 3474 1187 3527 Panormi
1221 3491 1504 3538 essemuS‚
1543 3473 1741 3529 eodem
1782 3470 1953 3523 modo
1990 3465 2275 3523 declinare

239 3585 343 3621 nos
382 3568 678 3622 credentes
722 3566 976 3636 insidias,
1004 3567 1214 3624 iuimus
1250 3578 1399 3625 terra
1434 3571 1773 3624 Messanam.
1815 3565 1931 3621 Sed
1965 3562 2101 3632 quid
2135 3564 2272 3615 haec

235 3663 601 3733 profuerunt?
629 3663 885 3720 Tandem
914 3663 973 3718 in
998 3681 1195 3719 eorum
1224 3683 1429 3720 manus
1458 3664 1780 3719 incidimus.

349 3760 495 3813 Cum
533 3768 754 3825 turcae,
799 3758 895 3829 qui
930 3769 1113 3815 totum
1149 3779 1278 3817 eum
1313 3761 1462 3817 diem
1497 3760 1574 3815 ibi
1611 3760 1869 3823 fuerunt,
1910 3762 2271 3825 expectantes.
