2638 4334
1062 270 1115 307 21
1152 260 1363 306 Aemus
1399 258 1512 317 1553
2159 265 2247 323 265

384 388 488 445 Poi
513 390 566 444 le
598 405 731 443 cose
775 386 1057 444 ordinarie
1089 396 1148 442 et
1180 403 1501 455 commune,
1550 373 1710 441 come
1755 389 1825 443 de
1870 400 2166 458 essortare,
2216 410 2307 447 re-

273 485 641 559 prehendere,
670 485 980 551 consolare‚
1012 492 1148 550 ete.,
1171 482 1468 553 sequitano
1494 482 1533 536 11
1552 498 1658 538 suo
1684 501 1866 550 corso,
1898 486 1951 539 le
1976 488 2141 555 quale
2174 504 2306 545 cose

275 600 392 638 non
416 581 625 636 accade
650 579 916 635 scriuere.
948 580 1274 651 Imperoche
1298 579 1657 650 parrebbono
1684 559 1894 634 maiore
1914 598 2046 636 cose
2067 584 2172 639 che
2191 601 2306 638 non

274 695 478 743 sonn0,
508 694 580 731 ne
605 694 733 730 mus
759 675 1122 746 parturiatur,
1151 692 1313 731 come
1338 674 1485 729 nelle
1512 674 1653 730 altre
1680 683 1876 730 nostre
1901 676 2116 732 lettere.

384 771 496 828 Noi
521 774 765 828 hauemo
790 773 966 827 molto
989 770 1232 843 bisogno
1257 771 1330 826 de
1349 770 1604 826 candelle
1624 788 1724 841 per
1743 769 1863 826 dire
1885 789 2086 839 messa,
2112 791 2305 828 essen-

270 870 346 924 do
370 866 803 935 doi·sacerdote;
834 877 892 923 et
917 886 1016 939 per
1043 866 1139 921 doi
1163 866 1314 922 lochi
1339 884 1524 921 sonno
1550 883 1700 933 care,
1733 874 1790 922 et
1817 875 1992 922 metta
2019 886 2051 922 a
2078 878 2247 923 conto
2275 889 2307 924 a

270 982 692 1036 compararene.
733 964 922 1020 Insino
960 964 1161 1019 adesso
1199 965 1446 1019 hauemo
1489 963 1630 1017 fatto
1668 962 1879 1034 meglio
1917 965 2023 1019 che
2067 966 2308 1020 hauemo

269 1068 488 1132 potut0.
532 1062 663 1115 Non
695 1079 758 1116 se
791 1070 955 1115 troua
989 1058 1047 1113 in
1083 1057 1288 1129 Tyuoli
1321 1076 1541 1130 sempre
1587 1077 1687 1129 per
1720 1059 1915 1113 lamor’
1960 1060 2031 1114 de
2074 1060 2211 1127 Dio,
2251 1071 2307 1118 et

267 1157 531 1212 massime
557 1156 759 1227 dinarj.

381 1252 808 1309 Considerando
844 1254 951 1306 che
975 1251 1015 1305 il
1049 1260 1246 1306 nostro
1278 1250 1551 1321 padronO,
1590 1252 1670 1306 M.
1710 1250 1924 1321 Luysio
1958 1252 2237 1308 Mendoza
2268 1255 2303 1319 ¹,

270 1352 343 1404 ha
369 1349 540 1405 molte
565 1349 817 1413 candele,
850 1357 1004 1404 torce
1038 1355 1108 1404 et
1130 1347 1365 1402 faccolle
1402 1347 1552 1402 nella
1589 1363 1769 1413 cassa,
1811 1345 1871 1400 di
1907 1355 2107 1417 queste
2141 1366 2202 1404 se
2237 1350 2310 1404 ne

270 1445 579 1517 poterebbe
603 1444 882 1516 agiutare,
913 1444 1046 1499 data
1071 1443 1320 1499 licentia.

381 1543 464 1597 La
501 1542 741 1595 schola
720 1559 752 1595 e
798 1542 1046 1595 anchora
1089 1540 1160 1596 de
1199 1539 1410 1594 incirca
1462 1554 1565 1594 120
1608 1509 1870 1594 scholari.
1921 1538 2085 1595 Molti
2128 1558 2309 1596 sonno

269 1636 557 1693 amallatti.

381 1735 525 1791 Sora
550 1733 728 1789 Lucia
753 1734 786 1788 0
811 1733 870 1787 (11
897 1751 1091 1788 11110110
1117 1734 1415 1789 molestata
1453 1734 1493 1788 ².
1525 1731 1670 1788 Dice
1702 1734 1810 1788 che
1842 1734 2034 1787 hanno
2068 1741 2231 1803 posta
2256 1733 2311 1787 la

266 1830 365 1886 lite
392 1831 553 1885 fuora
572 1830 719 1885 della
738 1839 882 1898 rota,
907 1839 966 1884 et
985 1829 1245 1886 obtenuti
1264 1831 1595 1885 mandatum
1615 1830 1688 1884 de
1706 1829 1985 1886 mittendo
2004 1829 2063 1883 in
2082 1847 2309 1901 posses-

265 1927 503 1994 sionem,
533 1927 590 1981 in
620 1928 697 1981 tal
723 1928 915 1993 mod0,
940 1929 1047 1983 che
1067 1926 1149 1998 gli
1175 1926 1482 1997 aduersarij
1505 1927 1562 1981 la
1585 1926 1820 1998 voglino
1846 1918 2098 1981 cacciare
2125 1927 2303 1981 fuora.

267 2023 369 2080 Lei
394 2043 487 2080 me
512 2026 585 2078 ha
611 2025 752 2078 fatto
778 2025 913 2079 dare
947 2037 1008 2093 15
1031 2023 1158 2094 julii
1185 2041 1287 2095 per
1312 2025 1579 2079 mandare
1605 2042 1640 2078 a
1659 2025 1733 2079 V.
1759 2025 1853 2090 Ρ.,
1878 2039 1976 2094 per
1996 2023 2309 2094 agiutarela

266 2130 326 2176 et
349 2129 408 2176 et
434 2119 609 2176 dareli
635 2138 896 2175 soccorso
923 2139 956 2174 a
983 2122 1181 2188 Roma,
1215 2121 1452 2176 facendo
1479 2121 1719 2190 qualche
1740 2138 1933 2175 nuoua
1958 2118 2310 2174 commissio-

268 2227 361 2273 110.
386 2215 487 2272 Lei
515 2215 700 2272 vorrie
726 2225 947 2273 mutare
974 2216 1012 2270 il
1039 2225 1424 2288 procuratore,
1455 2216 1779 2289 imperoche
1805 2235 1839 2270 a
1865 2214 1939 2271 lei
1965 2217 1997 2271 0
2023 2223 2304 2287 sospecto.

270 2315 502 2385 Pregho
529 2314 602 2368 V.
635 2315 701 2368 P.
741 2315 848 2367 che
879 2315 1096 2384 pregha
1121 2313 1232 2368 Dio
1266 2332 1368 2384 per
1405 2314 1460 2368 la
1498 2312 1612 2368 mia
1648 2312 1836 2368 anima
1874 2321 1932 2369 et
1978 2330 2168 2383 corpo.
2218 2314 2308 2367 Da

268 2409 474 2480 Tyuoli
501 2409 595 2464 alli
623 2425 688 2464 21
720 2411 776 2464 d'
808 2409 992 2481 Aprili
1027 2422 1184 2480 1553.

375 2505 544 2577 Dipoi
570 2507 711 2562 Sora
737 2505 914 2561 Lucia
942 2524 1032 2562 me
1060 2509 1133 2561 ha
1158 2507 1395 2577 parlato,
1425 2506 1668 2561 dicendo
1695 2467 1802 2560 che
1828 2506 1883 2560 13
1909 2514 2102 2560 nostra
2128 2506 2302 2559 dona·

264 2602 417 2659 tione
442 2621 476 2657 0
504 2603 643 2658 satta
668 2621 834 2674 sopra
860 2603 914 2657 la
940 2621 1039 2657 soa
1066 2604 1217 2658 dote.
1250 2604 1424 2658 Resta
1450 2602 1489 2656 il
1524 2610 1886 2671 testamento,
1925 2601 1965 2656 il
1998 2603 2165 2673 quale
2204 2619 2307 2655 vo-

264 2698 372 2755 rrie
403 2699 506 2754 dar
537 2698 611 2754 lei
645 2699 733 2753 ala
766 2698 1122 2771 Compagnia
1158 2699 1230 2754 de
1265 2698 1583 2766 incurabili,
1621 2716 1729 2754 con
1767 2707 1926 2770 patto
1959 2700 2066 2752 che
2099 2699 2219 2752 loro
2252 2697 2304 2752 ci

355 2888 368 2914 ¹
432 2885 575 2931 Hunc
597 2884 861 2942 Gitardini,
884 2886 920 2930 l.
944 2900 1004 2941 c.‚
1041 2892 1184 2931 vocat
1205 2885 1506 2931 Ludovicum
1529 2886 1886 2942 Maecenatem.
1916 2886 2065 2930 Porro
2085 2885 2147 2930 de
2170 2900 2229 2930 eo
2251 2899 2306 2930 ac

263 2958 326 3004 de
347 2959 606 3018 collegiolo
627 2959 863 3005 tiburtino
889 2959 1013 3005 dixit
1035 2975 1183 3020 saepe
1205 2961 1509 3019 POLANCUS,
1526 2960 1627 3019 jam
1649 2975 1678 3004 a
1699 2966 1736 3005 t.
1758 2972 1812 3019 11,
1835 2975 1947 3020 pag.
1975 2971 2046 3017 17,
2079 2976 2131 3005 n.
2169 2959 2222 3004 31
2256 2966 2306 3004 et

263 3047 406 3093 seqq.
432 3068 444 3092 ,
486 3047 673 3094 nosque
703 3033 834 3079 illius
870 3034 1060 3079 litteras
1105 3035 1396 3094 protulimus
1418 3071 1429 3094 ,
1474 3049 1620 3094 supra
1641 3068 1652 3091 ,
1698 3035 1863 3094 Epist.
1909 3035 2116 3088 Mixtae,
2162 3040 2201 3078 t.
2251 3045 2302 3089 11,

264 3121 378 3167 pag.
409 3108 513 3165 569,
536 3107 638 3165 573,
663 3107 770 3167 739,
794 3115 844 3153 et
866 3108 993 3153 infra
1013 3109 1075 3154 de
1098 3109 1271 3155 eodem
1293 3123 1519 3168 agemus.

351 3183 370 3208 ¹
433 3182 574 3227 «Fuit
595 3188 646 3227 et
666 3182 847 3227 femina
866 3182 1106 3242 quaedam
1130 3197 1192 3228 ex
1212 3184 1447 3228 honorata
1468 3182 1654 3227 familia
1674 3189 1726 3228 et
1750 3197 1812 3227 ex
1835 3182 1980 3227 tertio
2003 3181 2170 3226 ordine
2187 3179 2303 3224 Divi

260 3255 508 3302 Francisci
528 3256 776 3314 religiosa,
799 3271 924 3316 quae
946 3257 1140 3301 hortum
1169 3257 1431 3317 quemdam
1463 3257 1592 3302 intra
1619 3257 1872 3302 civitatem
1903 3257 2056 3315 ipsam
2085 3269 2195 3300 cum
2224 3253 2305 3298 do—

258 3332 484 3376 muncula
521 3331 755 3395 Societati
792 3331 1016 3376 donavit.
1061 3332 1213 3377 Lucia
1249 3331 1466 3391 Cynthia
1501 3331 1816 3377 dicebatur.»
1864 3331 2137 3387 PoLANco,
2168 3334 2211 3373 t.
2249 3339 2302 3382 11,

255 3418 371 3463 pag.
405 3415 476 3461 19,
500 3420 549 3450 n.
583 3404 658 3463 35,
681 3405 762 3450 cui
783 3419 1003 3462 numere,
1026 3420 1139 3465 pag.
1173 3415 1250 3465 20,
1267 3407 1389 3451 haec
1420 3405 1672 3451 adnotatio
1699 3404 1972 3463 subjicitur:
2015 3404 2301 3457 «Polancus,

253 3492 312 3523 ex
332 3480 694 3532 commissione,
718 3479 944 3524 Michaeli
965 3478 1154 3539 Ochoa,
1175 3479 1295 3540 quid
1314 3479 1661 3540 praestandum
1696 3486 1750 3524 ut
1772 3478 1932 3523 valida
1954 3477 2018 3522 sit
2035 3476 2177 3534 juxta
2204 3476 2296 3535 Ty-

254 3552 476 3597 burtinas
497 3555 634 3611 leges
657 3554 837 3599 Luciae
859 3553 1103 3613 Cynthiae
1124 3544 1324 3600 donatio
1346 3553 1585 3600 Societati
1606 3552 1751 3598 facta.
1782 3587 1792 3597 .
1812 3554 1935 3597 Item
1953 3554 2090 3611 plura
2106 3549 2301 3609 publica

258 3624 542 3685 privataque
557 3626 881 3672 instrumenta
898 3627 1174 3686 locationis,
1185 3643 1212 3673 e
1220 3628 1467 3688 mptionis,
1486 3634 1583 3672 etc.
1593 3660 1605 3683 ‚
1616 3627 1762 3683 horti,
1775 3626 1966 3681 vineae,
1977 3625 2168 3677 domus,
2181 3630 2277 3668 etc.
2287 3658 2300 3679 ‚

261 3713 453 3744 necnon
468 3698 687 3757 judicum
709 3701 760 3745 in
774 3702 1123 3747 controversiis
1146 3717 1235 3748 seu
1257 3703 1426 3748 litibus
1447 3702 1723 3747 sententiae
1741 3701 1802 3746 ad
1819 3699 2096 3757 Collegium
2112 3699 2302 3757 Tybur-

265 3772 421 3818 tinum
444 3774 780 3832 spectantibus
803 3777 864 3820 ab
886 3776 979 3820 hoc
1001 3790 1127 3821 anno
1154 3787 1266 3834 1550
1287 3776 1348 3821 ad
1374 3786 1534 3833 1555.»
