<?xml version="1.0" encoding="UTF-8"?>
<!DOCTYPE html PUBLIC "-//W3C//DTD XHTML 1.0 Transitional//EN"
    "http://www.w3.org/TR/xhtml1/DTD/xhtml1-transitional.dtd">
<html xmlns="http://www.w3.org/1999/xhtml" xml:lang="en" lang="en">
 <head>
  <title>
</title>
<meta http-equiv="Content-Type" content="text/html;charset=utf-8" />
  <meta name='ocr-system' content='tesseract 3.04.00' />
  <meta name='ocr-capabilities' content='ocr_page ocr_carea ocr_par ocr_line ocrx_word'/>
</head>
<body>
  <div class='ocr_page' id='page_1' title='image "./epistolaemixtaee03matruoft_0592.png"; bbox 0 0 2638 4334; ppageno 0'>
   <div class='ocr_carea' id='block_1_1' title="bbox 422 213 1732 273">
    <p class='ocr_par' dir='ltr' id='par_1_1' title="bbox 422 213 1732 273">
     <span class='ocr_line' id='line_1_1' title="bbox 422 213 1732 273; baseline -0.001 -12"><span class='ocrx_word' id='word_1_1' title='bbox 422 214 511 273; x_wconf 88' lang='lat'><strong>586</strong></span> <span class='ocrx_word' id='word_1_2' title='bbox 1041 215 1338 263; x_wconf 72' lang='lat' dir='ltr'><strong>Emsrouuz</strong></span> <span class='ocrx_word' id='word_1_3' title='bbox 1370 213 1732 272; x_wconf 67' lang='lat' dir='ltr'><strong>Mutua-702</strong></span> 
     </span>
    </p>
   </div>
   <div class='ocr_carea' id='block_1_2' title="bbox 365 337 2417 3403">
    <p class='ocr_par' dir='ltr' id='par_1_2' title="bbox 365 337 2412 791">
     <span class='ocr_line' id='line_1_2' title="bbox 365 337 2405 412; baseline -0.001 -16"><span class='ocrx_word' id='word_1_4' title='bbox 365 339 614 396; x_wconf 89' lang='lat' dir='ltr'><strong>richiesti</strong></span> <span class='ocrx_word' id='word_1_5' title='bbox 640 341 888 397; x_wconf 82' lang='lat' dir='ltr'>anchora</span> <span class='ocrx_word' id='word_1_6' title='bbox 913 340 986 399; x_wconf 94' lang='lat' dir='ltr'><strong>de</strong></span> <span class='ocrx_word' id='word_1_7' title='bbox 1024 340 1358 399; x_wconf 88' lang='lat' dir='ltr'><strong>dimostrare</strong></span> <span class='ocrx_word' id='word_1_8' title='bbox 1383 359 1419 396; x_wconf 95' lang='lat' dir='ltr'><strong>o</strong></span> <span class='ocrx_word' id='word_1_9' title='bbox 1437 342 1508 396; x_wconf 90' lang='lat' dir='ltr'><strong>de</strong></span> <span class='ocrx_word' id='word_1_10' title='bbox 1529 348 1869 412; x_wconf 87' lang='lat' dir='ltr'><strong>promettere</strong></span> <span class='ocrx_word' id='word_1_11' title='bbox 1894 339 1967 394; x_wconf 91' lang='lat' dir='ltr'><strong>de</strong></span> <span class='ocrx_word' id='word_1_12' title='bbox 1987 337 2327 394; x_wconf 87' lang='lat' dir='ltr'><strong>dimostrare</strong></span> <span class='ocrx_word' id='word_1_13' title='bbox 2350 338 2405 394; x_wconf 89' lang='lat' dir='ltr'><strong>le</strong></span> 
     </span>
     <span class='ocr_line' id='line_1_3' title="bbox 367 433 2410 507; baseline -0.001 -17"><span class='ocrx_word' id='word_1_14' title='bbox 367 437 568 494; x_wconf 86' lang='lat' dir='ltr'><strong>lettere</strong></span> <span class='ocrx_word' id='word_1_15' title='bbox 605 435 736 493; x_wconf 86' lang='lat' dir='ltr'><strong>delli</strong></span> <span class='ocrx_word' id='word_1_16' title='bbox 757 436 1026 493; x_wconf 91' lang='lat' dir='ltr'><strong>dottorati</strong></span> <span class='ocrx_word' id='word_1_17' title='bbox 1052 437 1252 504; x_wconf 86' lang='lat' dir='ltr'><strong>nostri,</strong></span> <span class='ocrx_word' id='word_1_18' title='bbox 1282 438 1355 493; x_wconf 92' lang='lat' dir='ltr'><strong>de</strong></span> <span class='ocrx_word' id='word_1_19' title='bbox 1383 436 1478 507; x_wconf 91' lang='lat' dir='ltr'><strong>qui</strong></span> <span class='ocrx_word' id='word_1_20' title='bbox 1494 437 1694 492; x_wconf 90' lang='lat' dir='ltr'><strong>saltem</strong></span> <span class='ocrx_word' id='word_1_21' title='bbox 1716 435 1789 490; x_wconf 90' lang='lat' dir='ltr'><strong>ad</strong></span> <span class='ocrx_word' id='word_1_22' title='bbox 1809 451 1923 488; x_wconf 90' lang='lat' dir='ltr'><strong>vno</strong></span> <span class='ocrx_word' id='word_1_23' title='bbox 1943 451 2112 489; x_wconf 83' lang='lat' dir='ltr'><strong>anno,</strong></span> <span class='ocrx_word' id='word_1_24' title='bbox 2140 433 2215 488; x_wconf 92' lang='lat' dir='ltr'><strong>Al</strong></span> <span class='ocrx_word' id='word_1_25' title='bbox 2236 440 2410 499; x_wconf 88' lang='lat' dir='ltr'><strong>rest0,</strong></span> 
     </span>
     <span class='ocr_line' id='line_1_4' title="bbox 370 517 2412 605; baseline -0.002 -18"><span class='ocrx_word' id='word_1_26' title='bbox 370 517 623 587; x_wconf 88' lang='lat' dir='ltr'><strong>secondo</strong></span> <span class='ocrx_word' id='word_1_27' title='bbox 668 534 776 588; x_wconf 88' lang='lat' dir='ltr'><strong>che</strong></span> <span class='ocrx_word' id='word_1_28' title='bbox 822 532 1149 589; x_wconf 87' lang='lat' dir='ltr'><strong>richiedono</strong></span> <span class='ocrx_word' id='word_1_29' title='bbox 1177 532 1346 605; x_wconf 90' lang='lat' dir='ltr'><strong>quelli</strong></span> <span class='ocrx_word' id='word_1_30' title='bbox 1393 531 1611 597; x_wconf 88' lang='lat' dir='ltr'><strong>statuti,</strong></span> <span class='ocrx_word' id='word_1_31' title='bbox 1643 550 1715 588; x_wconf 91' lang='lat' dir='ltr'><strong>ne</strong></span> <span class='ocrx_word' id='word_1_32' title='bbox 1760 529 2146 602; x_wconf 82' lang='lat' dir='ltr'><strong>obligassimO,</strong></span> <span class='ocrx_word' id='word_1_33' title='bbox 2185 530 2345 584; x_wconf 89' lang='lat' dir='ltr'><strong>salua</strong></span> <span class='ocrx_word' id='word_1_34' title='bbox 2371 529 2412 583; x_wconf 87' lang='lat' dir='ltr'><strong>l&#39;</strong></span> 
     </span>
     <span class='ocr_line' id='line_1_5' title="bbox 374 620 2411 702; baseline -0.001 -20"><span class='ocrx_word' id='word_1_35' title='bbox 374 620 698 685; x_wconf 77' lang='lat' dir='ltr'>obedientia</span> <span class='ocrx_word' id='word_1_36' title='bbox 715 629 810 686; x_wconf 89' lang='lat' dir='ltr'><strong>del</strong></span> <span class='ocrx_word' id='word_1_37' title='bbox 829 637 1023 686; x_wconf 89' lang='lat' dir='ltr'><strong>nostro</strong></span> <span class='ocrx_word' id='word_1_38' title='bbox 1043 629 1351 702; x_wconf 85' lang='lat' dir='ltr'><strong>superiore,</strong></span> <span class='ocrx_word' id='word_1_39' title='bbox 1373 629 1615 686; x_wconf 87' lang='lat' dir='ltr'><strong>essendo</strong></span> <span class='ocrx_word' id='word_1_40' title='bbox 1635 626 1729 682; x_wconf 90' lang='lat' dir='ltr'><strong>noi</strong></span> <span class='ocrx_word' id='word_1_41' title='bbox 1749 627 2002 682; x_wconf 90' lang='lat' dir='ltr'><strong>membra</strong></span> <span class='ocrx_word' id='word_1_42' title='bbox 2021 626 2169 681; x_wconf 92' lang='lat' dir='ltr'><strong>della</strong></span> <span class='ocrx_word' id='word_1_43' title='bbox 2179 625 2411 692; x_wconf 76' lang='lat' dir='ltr'><strong>faculta,</strong></span> 
     </span>
     <span class='ocr_line' id='line_1_6' title="bbox 373 721 2408 791; baseline -0.001 -12"><span class='ocrx_word' id='word_1_44' title='bbox 373 723 818 781; x_wconf 90' lang='lat' dir='ltr'><strong>continuassimo</strong></span> <span class='ocrx_word' id='word_1_45' title='bbox 843 724 884 781; x_wconf 91' lang='lat' dir='ltr'><strong>il</strong></span> <span class='ocrx_word' id='word_1_46' title='bbox 908 726 1127 782; x_wconf 87' lang='lat' dir='ltr'><strong>decano</strong></span> <span class='ocrx_word' id='word_1_47' title='bbox 1154 725 1211 780; x_wconf 91' lang='lat' dir='ltr'><strong>in</strong></span> <span class='ocrx_word' id='word_1_48' title='bbox 1238 743 1343 780; x_wconf 90' lang='lat' dir='ltr'><strong>suo</strong></span> <span class='ocrx_word' id='word_1_49' title='bbox 1370 723 1574 791; x_wconf 60' lang='lat' dir='ltr'><strong>officim</strong></span> <span class='ocrx_word' id='word_1_50' title='bbox 1605 722 1790 778; x_wconf 90' lang='lat' dir='ltr'><strong>insino</strong></span> <span class='ocrx_word' id='word_1_51' title='bbox 1825 722 1895 778; x_wconf 90' lang='lat' dir='ltr'><strong>ad</strong></span> <span class='ocrx_word' id='word_1_52' title='bbox 1931 740 2044 777; x_wconf 92' lang='lat' dir='ltr'><strong>vna</strong></span> <span class='ocrx_word' id='word_1_53' title='bbox 2071 722 2212 777; x_wconf 88' lang='lat' dir='ltr'><strong>altra</strong></span> <span class='ocrx_word' id='word_1_54' title='bbox 2236 721 2408 777; x_wconf 88' lang='lat' dir='ltr'><strong>volta.</strong></span> 
     </span>
    </p>

    <p class='ocr_par' dir='ltr' id='par_1_3' title="bbox 370 818 2417 2919">
     <span class='ocr_line' id='line_1_7' title="bbox 486 818 2414 888; baseline -0.003 -11"><span class='ocrx_word' id='word_1_55' title='bbox 486 820 662 877; x_wconf 89' lang='lat' dir='ltr'><strong>Come</strong></span> <span class='ocrx_word' id='word_1_56' title='bbox 689 820 744 876; x_wconf 94' lang='lat' dir='ltr'><strong>io</strong></span> <span class='ocrx_word' id='word_1_57' title='bbox 769 823 843 878; x_wconf 91' lang='lat' dir='ltr'><strong>ho</strong></span> <span class='ocrx_word' id='word_1_58' title='bbox 868 821 1066 878; x_wconf 88' lang='lat' dir='ltr'><strong>scritto</strong></span> <span class='ocrx_word' id='word_1_59' title='bbox 1092 841 1125 877; x_wconf 93' lang='lat' dir='ltr'><strong>a</strong></span> <span class='ocrx_word' id='word_1_60' title='bbox 1152 823 1223 877; x_wconf 92' lang='lat' dir='ltr'><strong>V.</strong></span> <span class='ocrx_word' id='word_1_61' title='bbox 1251 823 1344 888; x_wconf 62' lang='lat' dir='ltr'><strong>R„</strong></span> <span class='ocrx_word' id='word_1_62' title='bbox 1375 839 1478 876; x_wconf 90' lang='lat' dir='ltr'><strong>sua</strong></span> <span class='ocrx_word' id='word_1_63' title='bbox 1507 822 1722 877; x_wconf 77' lang='lat' dir='ltr'><strong>maesta</strong></span> <span class='ocrx_word' id='word_1_64' title='bbox 1746 821 1931 874; x_wconf 90' lang='lat' dir='ltr'><strong>hauea</strong></span> <span class='ocrx_word' id='word_1_65' title='bbox 1957 826 2195 874; x_wconf 84' lang='lat' dir='ltr'><strong>mettere</strong></span> <span class='ocrx_word' id='word_1_66' title='bbox 2221 818 2294 872; x_wconf 95' lang='lat' dir='ltr'><strong>ad</strong></span> <span class='ocrx_word' id='word_1_67' title='bbox 2320 835 2414 872; x_wconf 89' lang='lat' dir='ltr'><strong>es-</strong></span> 
     </span>
     <span class='ocr_line' id='line_1_8' title="bbox 374 912 2416 991; baseline -0.001 -18"><span class='ocrx_word' id='word_1_68' title='bbox 374 916 669 975; x_wconf 89' lang='lat' dir='ltr'><strong>secutione</strong></span> <span class='ocrx_word' id='word_1_69' title='bbox 722 917 760 972; x_wconf 93' lang='lat' dir='ltr'><strong>il</strong></span> <span class='ocrx_word' id='word_1_70' title='bbox 798 918 1138 991; x_wconf 89' lang='lat' dir='ltr'><strong>partimento</strong></span> <span class='ocrx_word' id='word_1_71' title='bbox 1185 927 1241 975; x_wconf 92' lang='lat' dir='ltr'><strong>et</strong></span> <span class='ocrx_word' id='word_1_72' title='bbox 1273 916 1552 972; x_wconf 90' lang='lat' dir='ltr'><strong>diuisione</strong></span> <span class='ocrx_word' id='word_1_73' title='bbox 1598 917 1670 971; x_wconf 89' lang='lat' dir='ltr'><strong>de</strong></span> <span class='ocrx_word' id='word_1_74' title='bbox 1714 923 1919 987; x_wconf 89' lang='lat' dir='ltr'><strong>questo</strong></span> <span class='ocrx_word' id='word_1_75' title='bbox 1963 912 2330 979; x_wconf 90' lang='lat' dir='ltr'><strong>monesterio,</strong></span> <span class='ocrx_word' id='word_1_76' title='bbox 2360 914 2416 970; x_wconf 91' lang='lat' dir='ltr'><strong>la</strong></span> 
     </span>
     <span class='ocr_line' id='line_1_9' title="bbox 375 1009 2416 1086; baseline -0.002 -18"><span class='ocrx_word' id='word_1_77' title='bbox 375 1014 542 1084; x_wconf 91' lang='lat' dir='ltr'><strong>quale</strong></span> <span class='ocrx_word' id='word_1_78' title='bbox 568 1030 702 1070; x_wconf 89' lang='lat' dir='ltr'><strong>cosa</strong></span> <span class='ocrx_word' id='word_1_79' title='bbox 727 1032 843 1070; x_wconf 91' lang='lat' dir='ltr'><strong>non</strong></span> <span class='ocrx_word' id='word_1_80' title='bbox 869 1014 920 1070; x_wconf 89' lang='lat' dir='ltr'><strong>ci</strong></span> <span class='ocrx_word' id='word_1_81' title='bbox 956 1014 1190 1086; x_wconf 90' lang='lat' dir='ltr'><strong>piaceua</strong></span> <span class='ocrx_word' id='word_1_82' title='bbox 1228 1023 1448 1085; x_wconf 87' lang='lat' dir='ltr'><strong>tropp0,</strong></span> <span class='ocrx_word' id='word_1_83' title='bbox 1488 1012 1748 1069; x_wconf 90' lang='lat' dir='ltr'><strong>vedendo</strong></span> <span class='ocrx_word' id='word_1_84' title='bbox 1780 1013 1887 1067; x_wconf 89' lang='lat' dir='ltr'><strong>che</strong></span> <span class='ocrx_word' id='word_1_85' title='bbox 1915 1028 2030 1066; x_wconf 91' lang='lat' dir='ltr'><strong>non</strong></span> <span class='ocrx_word' id='word_1_86' title='bbox 2058 1009 2111 1065; x_wconf 90' lang='lat' dir='ltr'><strong>ci</strong></span> <span class='ocrx_word' id='word_1_87' title='bbox 2144 1027 2241 1064; x_wconf 89' lang='lat' dir='ltr'><strong>era</strong></span> <span class='ocrx_word' id='word_1_88' title='bbox 2284 1027 2416 1081; x_wconf 91' lang='lat' dir='ltr'><strong>spe-</strong></span> 
     </span>
     <span class='ocr_line' id='line_1_10' title="bbox 372 1105 2415 1182; baseline -0.001 -17"><span class='ocrx_word' id='word_1_89' title='bbox 372 1128 542 1166; x_wconf 89' lang='lat' dir='ltr'><strong>ranza</strong></span> <span class='ocrx_word' id='word_1_90' title='bbox 568 1109 626 1165; x_wconf 92' lang='lat' dir='ltr'><strong>di</strong></span> <span class='ocrx_word' id='word_1_91' title='bbox 671 1112 850 1168; x_wconf 88' lang='lat' dir='ltr'><strong>hauer</strong></span> <span class='ocrx_word' id='word_1_92' title='bbox 885 1110 982 1182; x_wconf 91' lang='lat' dir='ltr'><strong>qui</strong></span> <span class='ocrx_word' id='word_1_93' title='bbox 1016 1109 1241 1167; x_wconf 89' lang='lat' dir='ltr'><strong>echesia</strong></span> <span class='ocrx_word' id='word_1_94' title='bbox 1275 1108 1470 1181; x_wconf 89' lang='lat' dir='ltr'><strong>propia</strong></span> <span class='ocrx_word' id='word_1_95' title='bbox 1505 1110 1578 1164; x_wconf 79' lang='lat' dir='ltr'><strong>ne</strong></span> <span class='ocrx_word' id='word_1_96' title='bbox 1613 1109 1754 1164; x_wconf 90' lang='lat' dir='ltr'><strong>altre</strong></span> <span class='ocrx_word' id='word_1_97' title='bbox 1788 1105 2178 1163; x_wconf 86' lang='lat' dir='ltr'>commoditati</span> <span class='ocrx_word' id='word_1_98' title='bbox 2213 1123 2415 1163; x_wconf 86' lang='lat' dir='ltr'><strong>neces-</strong></span> 
     </span>
     <span class='ocr_line' id='line_1_11' title="bbox 373 1203 2416 1277; baseline -0.001 -16"><span class='ocrx_word' id='word_1_99' title='bbox 373 1204 518 1261; x_wconf 90' lang='lat' dir='ltr'><strong>sarie</strong></span> <span class='ocrx_word' id='word_1_100' title='bbox 544 1205 653 1261; x_wconf 91' lang='lat' dir='ltr'><strong>alla</strong></span> <span class='ocrx_word' id='word_1_101' title='bbox 677 1207 832 1262; x_wconf 91' lang='lat' dir='ltr'><strong>scola</strong></span> <span class='ocrx_word' id='word_1_102' title='bbox 859 1216 1070 1274; x_wconf 90' lang='lat' dir='ltr'><strong>nostra;</strong></span> <span class='ocrx_word' id='word_1_103' title='bbox 1103 1215 1159 1264; x_wconf 88' lang='lat' dir='ltr'><strong>et</strong></span> <span class='ocrx_word' id='word_1_104' title='bbox 1188 1225 1285 1277; x_wconf 87' lang='lat' dir='ltr'><strong>per</strong></span> <span class='ocrx_word' id='word_1_105' title='bbox 1312 1205 1584 1277; x_wconf 89' lang='lat' dir='ltr'><strong>impedire</strong></span> <span class='ocrx_word' id='word_1_106' title='bbox 1617 1206 1724 1261; x_wconf 90' lang='lat' dir='ltr'><strong>che</strong></span> <span class='ocrx_word' id='word_1_107' title='bbox 1752 1205 1807 1260; x_wconf 95' lang='lat' dir='ltr'><strong>la</strong></span> <span class='ocrx_word' id='word_1_108' title='bbox 1833 1222 2005 1276; x_wconf 89' lang='lat' dir='ltr'><strong>opera</strong></span> <span class='ocrx_word' id='word_1_109' title='bbox 2034 1221 2148 1258; x_wconf 92' lang='lat' dir='ltr'><strong>non</strong></span> <span class='ocrx_word' id='word_1_110' title='bbox 2175 1203 2416 1259; x_wconf 88' lang='lat' dir='ltr'><strong>andasse</strong></span> 
     </span>
     <span class='ocr_line' id='line_1_12' title="bbox 373 1300 2415 1374; baseline -0 -18"><span class='ocrx_word' id='word_1_111' title='bbox 373 1301 587 1369; x_wconf 87' lang='lat' dir='ltr'><strong>inanzi,</strong></span> <span class='ocrx_word' id='word_1_112' title='bbox 629 1301 1060 1359; x_wconf 88' lang='lat' dir='ltr'><strong>desiderauamo</strong></span> <span class='ocrx_word' id='word_1_113' title='bbox 1097 1303 1242 1358; x_wconf 89' lang='lat' dir='ltr'><strong>assai</strong></span> <span class='ocrx_word' id='word_1_114' title='bbox 1283 1304 1390 1357; x_wconf 88' lang='lat' dir='ltr'><strong>che</strong></span> <span class='ocrx_word' id='word_1_115' title='bbox 1429 1310 1620 1374; x_wconf 88' lang='lat' dir='ltr'><strong>presto</strong></span> <span class='ocrx_word' id='word_1_116' title='bbox 1672 1318 1915 1358; x_wconf 85' lang='lat' dir='ltr'><strong>venesse</strong></span> <span class='ocrx_word' id='word_1_117' title='bbox 1958 1300 1995 1354; x_wconf 93' lang='lat' dir='ltr'><strong>il</strong></span> <span class='ocrx_word' id='word_1_118' title='bbox 2038 1302 2193 1355; x_wconf 77' lang='lat' dir='ltr'>R.1110</span> <span class='ocrx_word' id='word_1_119' title='bbox 2229 1300 2415 1356; x_wconf 89' lang='lat' dir='ltr'><strong>Laba-</strong></span> 
     </span>
     <span class='ocr_line' id='line_1_13' title="bbox 373 1396 2414 1471; baseline -0.001 -18"><span class='ocrx_word' id='word_1_120' title='bbox 373 1414 543 1454; x_wconf 85' lang='lat' dir='ltr'><strong>cense</strong></span> <span class='ocrx_word' id='word_1_121' title='bbox 595 1401 606 1427; x_wconf 88' lang='lat'><strong>¹</strong></span> <span class='ocrx_word' id='word_1_122' title='bbox 636 1443 650 1468; x_wconf 95' lang='lat'><strong>,</strong></span> <span class='ocrx_word' id='word_1_123' title='bbox 699 1398 737 1454; x_wconf 91' lang='lat' dir='ltr'><strong>il</strong></span> <span class='ocrx_word' id='word_1_124' title='bbox 788 1400 954 1471; x_wconf 90' lang='lat' dir='ltr'><strong>quale</strong></span> <span class='ocrx_word' id='word_1_125' title='bbox 1000 1419 1184 1457; x_wconf 90' lang='lat' dir='ltr'><strong>venne</strong></span> <span class='ocrx_word' id='word_1_126' title='bbox 1224 1401 1295 1455; x_wconf 90' lang='lat' dir='ltr'><strong>da</strong></span> <span class='ocrx_word' id='word_1_127' title='bbox 1327 1400 1561 1455; x_wconf 87' lang='lat' dir='ltr'><strong>Labaco</strong></span> <span class='ocrx_word' id='word_1_128' title='bbox 1613 1397 1794 1470; x_wconf 91' lang='lat' dir='ltr'><strong>prima</strong></span> <span class='ocrx_word' id='word_1_129' title='bbox 1845 1416 1879 1453; x_wconf 94' lang='lat' dir='ltr'><strong>a</strong></span> <span class='ocrx_word' id='word_1_130' title='bbox 1925 1406 2129 1469; x_wconf 90' lang='lat' dir='ltr'><strong>questa</strong></span> <span class='ocrx_word' id='word_1_131' title='bbox 2178 1397 2322 1453; x_wconf 90' lang='lat' dir='ltr'><strong>festa</strong></span> <span class='ocrx_word' id='word_1_132' title='bbox 2355 1396 2414 1450; x_wconf 92' lang='lat' dir='ltr'><strong>di</strong></span> 
     </span>
     <span class='ocr_line' id='line_1_14' title="bbox 379 1492 2415 1566; baseline -0.001 -17"><span class='ocrx_word' id='word_1_133' title='bbox 379 1494 511 1550; x_wconf 86' lang='lat' dir='ltr'><strong>tutti</strong></span> <span class='ocrx_word' id='word_1_134' title='bbox 536 1494 705 1563; x_wconf 89' lang='lat' dir='ltr'><strong>santi,</strong></span> <span class='ocrx_word' id='word_1_135' title='bbox 734 1505 792 1552; x_wconf 92' lang='lat' dir='ltr'><strong>et</strong></span> <span class='ocrx_word' id='word_1_136' title='bbox 818 1496 855 1551; x_wconf 90' lang='lat' dir='ltr'><strong>li</strong></span> <span class='ocrx_word' id='word_1_137' title='bbox 884 1496 1351 1566; x_wconf 88' lang='lat' dir='ltr'><strong>rimostrassemo,</strong></span> <span class='ocrx_word' id='word_1_138' title='bbox 1380 1498 1507 1563; x_wconf 93' lang='lat' dir='ltr'><strong>che,</strong></span> <span class='ocrx_word' id='word_1_139' title='bbox 1537 1496 1681 1552; x_wconf 90' lang='lat' dir='ltr'><strong>oltra</strong></span> <span class='ocrx_word' id='word_1_140' title='bbox 1699 1496 1754 1551; x_wconf 93' lang='grc'><strong>13</strong></span> <span class='ocrx_word' id='word_1_141' title='bbox 1773 1494 2158 1550; x_wconf 91' lang='lat' dir='ltr'><strong>discommoda</strong></span> <span class='ocrx_word' id='word_1_142' title='bbox 2178 1492 2415 1548; x_wconf 92' lang='lat' dir='ltr'><strong>diuisio-</strong></span> 
     </span>
     <span class='ocr_line' id='line_1_15' title="bbox 378 1589 2415 1665; baseline -0.001 -21"><span class='ocrx_word' id='word_1_143' title='bbox 378 1609 450 1647; x_wconf 90' lang='lat' dir='ltr'><strong>ne</strong></span> <span class='ocrx_word' id='word_1_144' title='bbox 475 1591 548 1648; x_wconf 90' lang='lat' dir='ltr'><strong>de</strong></span> <span class='ocrx_word' id='word_1_145' title='bbox 574 1600 766 1648; x_wconf 87' lang='lat' dir='ltr'><strong>nostre</strong></span> <span class='ocrx_word' id='word_1_146' title='bbox 791 1593 1027 1662; x_wconf 90' lang='lat' dir='ltr'><strong>stanzie‚</strong></span> <span class='ocrx_word' id='word_1_147' title='bbox 1057 1593 1108 1648; x_wconf 91' lang='lat' dir='ltr'><strong>ci</strong></span> <span class='ocrx_word' id='word_1_148' title='bbox 1135 1594 1413 1649; x_wconf 87' lang='lat' dir='ltr'><strong>voleuano</strong></span> <span class='ocrx_word' id='word_1_149' title='bbox 1439 1592 1536 1665; x_wconf 76' lang='lat' dir='ltr'><strong>gia</strong></span> <span class='ocrx_word' id='word_1_150' title='bbox 1568 1591 1850 1648; x_wconf 90' lang='lat' dir='ltr'><strong>scacciare</strong></span> <span class='ocrx_word' id='word_1_151' title='bbox 1883 1590 2070 1662; x_wconf 86' lang='lat' dir='ltr'><strong>questi</strong></span> <span class='ocrx_word' id='word_1_152' title='bbox 2107 1589 2284 1645; x_wconf 90' lang='lat' dir='ltr'><strong>nuoui</strong></span> <span class='ocrx_word' id='word_1_153' title='bbox 2324 1607 2415 1644; x_wconf 67' lang='lat' dir='ltr'><strong>re-</strong></span> 
     </span>
     <span class='ocr_line' id='line_1_16' title="bbox 378 1685 2416 1760; baseline -0 -19"><span class='ocrx_word' id='word_1_154' title='bbox 378 1686 568 1759; x_wconf 89' lang='lat' dir='ltr'><strong>ligiosi</strong></span> <span class='ocrx_word' id='word_1_155' title='bbox 599 1688 760 1743; x_wconf 84' lang='lat' dir='ltr'><strong>fuora</strong></span> <span class='ocrx_word' id='word_1_156' title='bbox 785 1689 931 1745; x_wconf 91' lang='lat' dir='ltr'><strong>delle</strong></span> <span class='ocrx_word' id='word_1_157' title='bbox 957 1690 1113 1746; x_wconf 90' lang='lat' dir='ltr'><strong>scole</strong></span> <span class='ocrx_word' id='word_1_158' title='bbox 1140 1699 1332 1746; x_wconf 90' lang='lat' dir='ltr'><strong>nostre</strong></span> <span class='ocrx_word' id='word_1_159' title='bbox 1359 1698 1416 1746; x_wconf 93' lang='lat' dir='ltr'><strong>et</strong></span> <span class='ocrx_word' id='word_1_160' title='bbox 1442 1696 1631 1755; x_wconf 89' lang='lat' dir='ltr'><strong>stuue,</strong></span> <span class='ocrx_word' id='word_1_161' title='bbox 1662 1697 1721 1745; x_wconf 91' lang='lat' dir='ltr'><strong>et</strong></span> <span class='ocrx_word' id='word_1_162' title='bbox 1747 1689 1856 1744; x_wconf 90' lang='lat' dir='ltr'><strong>che</strong></span> <span class='ocrx_word' id='word_1_163' title='bbox 1881 1706 1980 1760; x_wconf 87' lang='lat' dir='ltr'><strong>per</strong></span> <span class='ocrx_word' id='word_1_164' title='bbox 2008 1685 2168 1742; x_wconf 90' lang='lat' dir='ltr'><strong>molti</strong></span> <span class='ocrx_word' id='word_1_165' title='bbox 2197 1686 2416 1758; x_wconf 86' lang='lat' dir='ltr'><strong>rispetti</strong></span> 
     </span>
     <span class='ocr_line' id='line_1_17' title="bbox 376 1783 2416 1855; baseline -0.001 -17"><span class='ocrx_word' id='word_1_166' title='bbox 376 1784 708 1855; x_wconf 89' lang='lat' dir='ltr'><strong>besognaua</strong></span> <span class='ocrx_word' id='word_1_167' title='bbox 727 1786 834 1841; x_wconf 77' lang='lat' dir='ltr'><strong>che</strong></span> <span class='ocrx_word' id='word_1_168' title='bbox 854 1785 1174 1842; x_wconf 83' lang='lat' dir='ltr'><strong>hauessimo</strong></span> <span class='ocrx_word' id='word_1_169' title='bbox 1195 1805 1271 1839; x_wconf 92' lang='lat' dir='ltr'><strong>vn</strong></span> <span class='ocrx_word' id='word_1_170' title='bbox 1292 1786 1434 1840; x_wconf 90' lang='lat' dir='ltr'><strong>altra</strong></span> <span class='ocrx_word' id='word_1_171' title='bbox 1453 1784 1821 1840; x_wconf 77' lang='lat' dir='ltr'><strong>habitatione.</strong></span> <span class='ocrx_word' id='word_1_172' title='bbox 1847 1783 2201 1840; x_wconf 90' lang='lat' dir='ltr'><strong>Finalmente</strong></span> <span class='ocrx_word' id='word_1_173' title='bbox 2220 1785 2295 1837; x_wconf 88' lang='lat' dir='ltr'><strong>ha</strong></span> <span class='ocrx_word' id='word_1_174' title='bbox 2321 1800 2416 1836; x_wconf 92' lang='lat' dir='ltr'><strong>so-</strong></span> 
     </span>
     <span class='ocr_line' id='line_1_18' title="bbox 373 1878 2415 1953; baseline -0 -20"><span class='ocrx_word' id='word_1_175' title='bbox 373 1878 587 1935; x_wconf 88' lang='lat' dir='ltr'><strong>licitato</strong></span> <span class='ocrx_word' id='word_1_176' title='bbox 613 1898 717 1936; x_wconf 88' lang='lat' dir='ltr'><strong>sua</strong></span> <span class='ocrx_word' id='word_1_177' title='bbox 762 1881 902 1939; x_wconf 81' lang='lat' dir='ltr'><strong>S,ria</strong></span> <span class='ocrx_word' id='word_1_178' title='bbox 949 1883 1101 1936; x_wconf 84' lang='lat' dir='ltr'><strong>R.ma</strong></span> <span class='ocrx_word' id='word_1_179' title='bbox 1126 1899 1354 1953; x_wconf 89' lang='lat' dir='ltr'><strong>apresso</strong></span> <span class='ocrx_word' id='word_1_180' title='bbox 1389 1882 1460 1936; x_wconf 94' lang='lat' dir='ltr'><strong>de</strong></span> <span class='ocrx_word' id='word_1_181' title='bbox 1505 1899 1610 1937; x_wconf 90' lang='lat' dir='ltr'><strong>sua</strong></span> <span class='ocrx_word' id='word_1_182' title='bbox 1643 1882 1859 1937; x_wconf 78' lang='lat' dir='ltr'><strong>maesta</strong></span> <span class='ocrx_word' id='word_1_183' title='bbox 1901 1882 2010 1937; x_wconf 89' lang='lat' dir='ltr'><strong>che</strong></span> <span class='ocrx_word' id='word_1_184' title='bbox 2055 1878 2337 1951; x_wconf 87' lang='lat' dir='ltr'><strong>passiamo</strong></span> <span class='ocrx_word' id='word_1_185' title='bbox 2363 1879 2415 1933; x_wconf 92' lang='lat' dir='ltr'><strong>al</strong></span> 
     </span>
     <span class='ocr_line' id='line_1_19' title="bbox 374 1976 2415 2051; baseline -0 -21"><span class='ocrx_word' id='word_1_186' title='bbox 374 1976 717 2033; x_wconf 88' lang='lat' dir='ltr'><strong>monasterio</strong></span> <span class='ocrx_word' id='word_1_187' title='bbox 743 1977 898 2051; x_wconf 87' lang='lat' dir='ltr'><strong>degli</strong></span> <span class='ocrx_word' id='word_1_188' title='bbox 942 1978 1233 2044; x_wconf 89' lang='lat' dir='ltr'><strong>carmeliti,</strong></span> <span class='ocrx_word' id='word_1_189' title='bbox 1266 1979 1482 2050; x_wconf 85' lang='lat' dir='ltr'><strong>grande</strong></span> <span class='ocrx_word' id='word_1_190' title='bbox 1527 1986 1585 2032; x_wconf 92' lang='lat' dir='ltr'><strong>et</strong></span> <span class='ocrx_word' id='word_1_191' title='bbox 1619 1994 1848 2049; x_wconf 86' lang='lat' dir='ltr'><strong>capace,</strong></span> <span class='ocrx_word' id='word_1_192' title='bbox 1879 1977 2029 2033; x_wconf 92' lang='lat' dir='ltr'><strong>doue</strong></span> <span class='ocrx_word' id='word_1_193' title='bbox 2062 1994 2178 2031; x_wconf 92' lang='lat' dir='ltr'><strong>non</strong></span> <span class='ocrx_word' id='word_1_194' title='bbox 2212 1978 2278 2031; x_wconf 75' lang='lat' dir='ltr'><strong>ce</strong></span> <span class='ocrx_word' id='word_1_195' title='bbox 2322 1976 2415 2032; x_wconf 90' lang='lat' dir='ltr'><strong>del</strong></span> 
     </span>
     <span class='ocr_line' id='line_1_20' title="bbox 370 2072 2415 2146; baseline 0.001 -21"><span class='ocrx_word' id='word_1_196' title='bbox 370 2072 568 2129; x_wconf 87' lang='lat' dir='ltr'><strong>ordine</strong></span> <span class='ocrx_word' id='word_1_197' title='bbox 603 2081 785 2146; x_wconf 88' lang='lat' dir='ltr'><strong>parte,</strong></span> <span class='ocrx_word' id='word_1_198' title='bbox 828 2091 891 2130; x_wconf 87' lang='lat' dir='ltr'><strong>se</strong></span> <span class='ocrx_word' id='word_1_199' title='bbox 918 2093 1032 2129; x_wconf 92' lang='lat' dir='ltr'><strong>non</strong></span> <span class='ocrx_word' id='word_1_200' title='bbox 1071 2093 1184 2130; x_wconf 91' lang='lat' dir='ltr'><strong>vno</strong></span> <span class='ocrx_word' id='word_1_201' title='bbox 1222 2074 1417 2130; x_wconf 91' lang='lat' dir='ltr'><strong>veccio</strong></span> <span class='ocrx_word' id='word_1_202' title='bbox 1446 2073 1632 2146; x_wconf 91' lang='lat' dir='ltr'><strong>priore</strong></span> <span class='ocrx_word' id='word_1_203' title='bbox 1670 2073 1730 2128; x_wconf 92' lang='lat' dir='ltr'><strong>in</strong></span> <span class='ocrx_word' id='word_1_204' title='bbox 1767 2072 1965 2128; x_wconf 92' lang='lat' dir='ltr'><strong>habito</strong></span> <span class='ocrx_word' id='word_1_205' title='bbox 1993 2073 2263 2129; x_wconf 88' lang='lat' dir='ltr'><strong>secolare.</strong></span> <span class='ocrx_word' id='word_1_206' title='bbox 2295 2073 2415 2129; x_wconf 92' lang='lat' dir='ltr'><strong>Sua</strong></span> 
     </span>
     <span class='ocr_line' id='line_1_21' title="bbox 376 2169 2413 2238; baseline 0 -15"><span class='ocrx_word' id='word_1_207' title='bbox 376 2172 591 2225; x_wconf 77' lang='lat' dir='ltr'><strong>maesta</strong></span> <span class='ocrx_word' id='word_1_208' title='bbox 617 2171 691 2227; x_wconf 93' lang='lat' dir='ltr'><strong>ha</strong></span> <span class='ocrx_word' id='word_1_209' title='bbox 716 2170 1060 2238; x_wconf 88' lang='lat' dir='ltr'><strong>consentito,</strong></span> <span class='ocrx_word' id='word_1_210' title='bbox 1104 2181 1160 2228; x_wconf 93' lang='lat' dir='ltr'><strong>et</strong></span> <span class='ocrx_word' id='word_1_211' title='bbox 1193 2173 1331 2226; x_wconf 89' lang='lat' dir='ltr'><strong>hora</strong></span> <span class='ocrx_word' id='word_1_212' title='bbox 1357 2174 1432 2226; x_wconf 91' lang='lat' dir='ltr'><strong>ha</strong></span> <span class='ocrx_word' id='word_1_213' title='bbox 1470 2171 1872 2227; x_wconf 87' lang='lat' dir='ltr'><strong>commandato</strong></span> <span class='ocrx_word' id='word_1_214' title='bbox 1900 2172 2007 2227; x_wconf 92' lang='lat' dir='ltr'><strong>che</strong></span> <span class='ocrx_word' id='word_1_215' title='bbox 2042 2188 2104 2227; x_wconf 89' lang='lat' dir='ltr'><strong>se</strong></span> <span class='ocrx_word' id='word_1_216' title='bbox 2137 2169 2323 2224; x_wconf 88' lang='lat' dir='ltr'><strong>scriua</strong></span> <span class='ocrx_word' id='word_1_217' title='bbox 2361 2170 2413 2224; x_wconf 90' lang='lat' dir='ltr'><strong>al</strong></span> 
     </span>
     <span class='ocr_line' id='line_1_22' title="bbox 377 2265 2416 2340; baseline 0.002 -23"><span class='ocrx_word' id='word_1_218' title='bbox 377 2265 724 2335; x_wconf 90' lang='lat' dir='ltr'><strong>prouinciale</strong></span> <span class='ocrx_word' id='word_1_219' title='bbox 765 2267 838 2324; x_wconf 91' lang='lat' dir='ltr'><strong>de</strong></span> <span class='ocrx_word' id='word_1_220' title='bbox 863 2277 1064 2338; x_wconf 87' lang='lat' dir='ltr'><strong>questo</strong></span> <span class='ocrx_word' id='word_1_221' title='bbox 1091 2268 1307 2333; x_wconf 89' lang='lat' dir='ltr'><strong>ordine,</strong></span> <span class='ocrx_word' id='word_1_222' title='bbox 1339 2267 1495 2323; x_wconf 82' lang='lat' dir='ltr'><strong>accio</strong></span> <span class='ocrx_word' id='word_1_223' title='bbox 1539 2285 1730 2340; x_wconf 90' lang='lat' dir='ltr'><strong>venga</strong></span> <span class='ocrx_word' id='word_1_224' title='bbox 1763 2276 1955 2339; x_wconf 92' lang='lat' dir='ltr'><strong>presto</strong></span> <span class='ocrx_word' id='word_1_225' title='bbox 1982 2285 2017 2322; x_wconf 93' lang='lat' dir='ltr'><strong>a</strong></span> <span class='ocrx_word' id='word_1_226' title='bbox 2050 2284 2155 2321; x_wconf 90' lang='lat' dir='ltr'><strong>sua</strong></span> <span class='ocrx_word' id='word_1_227' title='bbox 2199 2269 2416 2322; x_wconf 82' lang='lat' dir='ltr'><strong>maesta</strong></span> 
     </span>
     <span class='ocr_line' id='line_1_23' title="bbox 378 2363 2416 2437; baseline 0.001 -22"><span class='ocrx_word' id='word_1_228' title='bbox 378 2378 476 2432; x_wconf 90' lang='lat' dir='ltr'><strong>per</strong></span> <span class='ocrx_word' id='word_1_229' title='bbox 503 2371 736 2419; x_wconf 91' lang='lat' dir='ltr'><strong>trattare</strong></span> <span class='ocrx_word' id='word_1_230' title='bbox 762 2380 871 2419; x_wconf 92' lang='lat' dir='ltr'><strong>con</strong></span> <span class='ocrx_word' id='word_1_231' title='bbox 899 2363 977 2418; x_wconf 87' lang='lat' dir='ltr'><strong>lui</strong></span> <span class='ocrx_word' id='word_1_232' title='bbox 998 2365 1069 2421; x_wconf 88' lang='lat' dir='ltr'><strong>de</strong></span> <span class='ocrx_word' id='word_1_233' title='bbox 1089 2373 1290 2435; x_wconf 89' lang='lat' dir='ltr'><strong>questa</strong></span> <span class='ocrx_word' id='word_1_234' title='bbox 1310 2363 1806 2437; x_wconf 87' lang='lat' dir='ltr'><strong>transmigratione</strong></span> <span class='ocrx_word' id='word_1_235' title='bbox 1827 2372 2020 2419; x_wconf 90' lang='lat' dir='ltr'><strong>nostra</strong></span> <span class='ocrx_word' id='word_1_236' title='bbox 2047 2363 2088 2417; x_wconf 79' lang='lat'><strong>⁸.</strong></span> <span class='ocrx_word' id='word_1_237' title='bbox 2117 2363 2229 2419; x_wconf 89' lang='lat' dir='ltr'><strong>Del</strong></span> <span class='ocrx_word' id='word_1_238' title='bbox 2246 2372 2416 2418; x_wconf 91' lang='lat' dir='ltr'><strong>canto</strong></span> 
     </span>
     <span class='ocr_line' id='line_1_24' title="bbox 375 2457 2417 2531; baseline 0 -19"><span class='ocrx_word' id='word_1_239' title='bbox 375 2458 466 2513; x_wconf 92' lang='lat' dir='ltr'><strong>del</strong></span> <span class='ocrx_word' id='word_1_240' title='bbox 492 2457 679 2529; x_wconf 87' lang='lat' dir='ltr'><strong>priore</strong></span> <span class='ocrx_word' id='word_1_241' title='bbox 706 2476 820 2514; x_wconf 90' lang='lat' dir='ltr'><strong>non</strong></span> <span class='ocrx_word' id='word_1_242' title='bbox 847 2478 908 2515; x_wconf 84' lang='lat' dir='ltr'><strong>se</strong></span> <span class='ocrx_word' id='word_1_243' title='bbox 935 2459 1146 2515; x_wconf 91' lang='lat' dir='ltr'><strong>ritroua</strong></span> <span class='ocrx_word' id='word_1_244' title='bbox 1174 2460 1492 2516; x_wconf 85' lang='lat' dir='ltr'><strong>resistentia</strong></span> <span class='ocrx_word' id='word_1_245' title='bbox 1517 2462 1781 2527; x_wconf 87' lang='lat' dir='ltr'><strong>alchuna,</strong></span> <span class='ocrx_word' id='word_1_246' title='bbox 1811 2459 1937 2516; x_wconf 92' lang='lat' dir='ltr'><strong>anzi</strong></span> <span class='ocrx_word' id='word_1_247' title='bbox 1971 2458 2228 2531; x_wconf 88' lang='lat' dir='ltr'><strong>supplica</strong></span> <span class='ocrx_word' id='word_1_248' title='bbox 2253 2477 2286 2514; x_wconf 92' lang='lat' dir='ltr'><strong>a</strong></span> <span class='ocrx_word' id='word_1_249' title='bbox 2312 2476 2417 2513; x_wconf 90' lang='lat' dir='ltr'><strong>sua</strong></span> 
     </span>
     <span class='ocr_line' id='line_1_25' title="bbox 378 2555 2417 2629; baseline 0 -20"><span class='ocrx_word' id='word_1_250' title='bbox 378 2557 593 2611; x_wconf 76' lang='lat' dir='ltr'><strong>maesta</strong></span> <span class='ocrx_word' id='word_1_251' title='bbox 625 2557 733 2614; x_wconf 88' lang='lat' dir='ltr'><strong>che</strong></span> <span class='ocrx_word' id='word_1_252' title='bbox 759 2555 798 2610; x_wconf 92' lang='lat' dir='ltr'><strong>li</strong></span> <span class='ocrx_word' id='word_1_253' title='bbox 843 2556 1035 2629; x_wconf 91' lang='lat' dir='ltr'><strong>voglia</strong></span> <span class='ocrx_word' id='word_1_254' title='bbox 1079 2557 1358 2614; x_wconf 87' lang='lat' dir='ltr'><strong>conferire</strong></span> <span class='ocrx_word' id='word_1_255' title='bbox 1404 2576 1515 2613; x_wconf 91' lang='lat' dir='ltr'><strong>vna</strong></span> <span class='ocrx_word' id='word_1_256' title='bbox 1559 2575 1698 2613; x_wconf 89' lang='lat' dir='ltr'><strong>cura</strong></span> <span class='ocrx_word' id='word_1_257' title='bbox 1737 2575 1771 2613; x_wconf 94' lang='lat' dir='ltr'><strong>o</strong></span> <span class='ocrx_word' id='word_1_258' title='bbox 1804 2555 2066 2629; x_wconf 91' lang='lat' dir='ltr'><strong>plebania</strong></span> <span class='ocrx_word' id='word_1_259' title='bbox 2111 2555 2170 2610; x_wconf 90' lang='lat' dir='ltr'><strong>in</strong></span> <span class='ocrx_word' id='word_1_260' title='bbox 2216 2565 2417 2627; x_wconf 90' lang='lat' dir='ltr'><strong>questa</strong></span> 
     </span>
     <span class='ocr_line' id='line_1_26' title="bbox 378 2651 2415 2727; baseline 0 -20"><span class='ocrx_word' id='word_1_261' title='bbox 378 2651 631 2719; x_wconf 86' lang='lat' dir='ltr'><strong>Austria,</strong></span> <span class='ocrx_word' id='word_1_262' title='bbox 654 2652 804 2709; x_wconf 90' lang='lat' dir='ltr'><strong>doue</strong></span> <span class='ocrx_word' id='word_1_263' title='bbox 824 2652 904 2708; x_wconf 92' lang='lat' dir='ltr'><strong>lui</strong></span> <span class='ocrx_word' id='word_1_264' title='bbox 924 2671 1090 2725; x_wconf 88' lang='lat' dir='ltr'><strong>possa</strong></span> <span class='ocrx_word' id='word_1_265' title='bbox 1110 2655 1422 2725; x_wconf 88' lang='lat' dir='ltr'><strong>espendere</strong></span> <span class='ocrx_word' id='word_1_266' title='bbox 1442 2655 1651 2727; x_wconf 85' lang='lat' dir='ltr'><strong>meglio</strong></span> <span class='ocrx_word' id='word_1_267' title='bbox 1671 2654 1709 2709; x_wconf 92' lang='lat' dir='ltr'><strong>il</strong></span> <span class='ocrx_word' id='word_1_268' title='bbox 1730 2672 1835 2710; x_wconf 91' lang='lat' dir='ltr'><strong>suo</strong></span> <span class='ocrx_word' id='word_1_269' title='bbox 1858 2654 2093 2722; x_wconf 89' lang='lat' dir='ltr'><strong>talent0,</strong></span> <span class='ocrx_word' id='word_1_270' title='bbox 2117 2651 2415 2725; x_wconf 87' lang='lat' dir='ltr'><strong>predican-</strong></span> 
     </span>
     <span class='ocr_line' id='line_1_27' title="bbox 376 2747 2417 2822; baseline 0 -20"><span class='ocrx_word' id='word_1_271' title='bbox 376 2747 451 2802; x_wconf 94' lang='lat' dir='ltr'><strong>do</strong></span> <span class='ocrx_word' id='word_1_272' title='bbox 482 2756 540 2805; x_wconf 92' lang='lat' dir='ltr'><strong>et</strong></span> <span class='ocrx_word' id='word_1_273' title='bbox 585 2747 1032 2805; x_wconf 88' lang='lat' dir='ltr'><strong>administrando</strong></span> <span class='ocrx_word' id='word_1_274' title='bbox 1077 2750 1434 2817; x_wconf 88' lang='lat' dir='ltr'><strong>sacramenti,</strong></span> <span class='ocrx_word' id='word_1_275' title='bbox 1484 2752 1733 2806; x_wconf 91' lang='lat' dir='ltr'><strong>secondo</strong></span> <span class='ocrx_word' id='word_1_276' title='bbox 1776 2751 1831 2806; x_wconf 91' lang='lat' dir='ltr'><strong>la</strong></span> <span class='ocrx_word' id='word_1_277' title='bbox 1875 2749 2263 2822; x_wconf 88' lang='lat' dir='ltr'><strong>dispensation</strong></span> <span class='ocrx_word' id='word_1_278' title='bbox 2309 2750 2417 2804; x_wconf 92' lang='lat' dir='ltr'><strong>che</strong></span> 
     </span>
     <span class='ocr_line' id='line_1_28' title="bbox 378 2843 1759 2919; baseline 0.003 -21"><span class='ocrx_word' id='word_1_279' title='bbox 378 2843 527 2901; x_wconf 90' lang='lat' dir='ltr'><strong>tiene</strong></span> <span class='ocrx_word' id='word_1_280' title='bbox 552 2844 625 2902; x_wconf 93' lang='lat' dir='ltr'><strong>de</strong></span> <span class='ocrx_word' id='word_1_281' title='bbox 651 2851 813 2917; x_wconf 88' lang='lat' dir='ltr'><strong>poter</strong></span> <span class='ocrx_word' id='word_1_282' title='bbox 840 2846 958 2902; x_wconf 77' lang='lat' dir='ltr'><strong>fare</strong></span> <span class='ocrx_word' id='word_1_283' title='bbox 985 2854 1187 2916; x_wconf 88' lang='lat' dir='ltr'><strong>questo</strong></span> <span class='ocrx_word' id='word_1_284' title='bbox 1208 2847 1299 2902; x_wconf 90' lang='lat' dir='ltr'><strong>dal</strong></span> <span class='ocrx_word' id='word_1_285' title='bbox 1326 2865 1428 2902; x_wconf 89' lang='lat' dir='ltr'><strong>suo</strong></span> <span class='ocrx_word' id='word_1_286' title='bbox 1451 2847 1759 2919; x_wconf 88' lang='lat' dir='ltr'><strong>superiore.</strong></span> 
     </span>
    </p>

    <p class='ocr_par' dir='ltr' id='par_1_4' title="bbox 373 2941 2417 3403">
     <span class='ocr_line' id='line_1_29' title="bbox 487 2941 2415 3013; baseline 0.001 -16"><span class='ocrx_word' id='word_1_287' title='bbox 487 2942 653 3013; x_wconf 91' lang='lat' dir='ltr'><strong>Dopo</strong></span> <span class='ocrx_word' id='word_1_288' title='bbox 672 2950 876 3013; x_wconf 84' lang='lat' dir='ltr'><strong>questa</strong></span> <span class='ocrx_word' id='word_1_289' title='bbox 893 2941 1178 2998; x_wconf 88' lang='lat' dir='ltr'><strong>vindemia</strong></span> <span class='ocrx_word' id='word_1_290' title='bbox 1198 2961 1270 2998; x_wconf 92' lang='lat' dir='ltr'><strong>va</strong></span> <span class='ocrx_word' id='word_1_291' title='bbox 1295 2943 1603 3000; x_wconf 87' lang='lat' dir='ltr'><strong>crescendo</strong></span> <span class='ocrx_word' id='word_1_292' title='bbox 1631 2943 1670 2999; x_wconf 92' lang='lat' dir='ltr'><strong>il</strong></span> <span class='ocrx_word' id='word_1_293' title='bbox 1696 2961 1934 2999; x_wconf 89' lang='lat' dir='ltr'><strong>numero</strong></span> <span class='ocrx_word' id='word_1_294' title='bbox 1959 2942 2093 3000; x_wconf 92' lang='lat' dir='ltr'><strong>delli</strong></span> <span class='ocrx_word' id='word_1_295' title='bbox 2114 2941 2315 2999; x_wconf 89' lang='lat' dir='ltr'><strong>scolari</strong></span> <span class='ocrx_word' id='word_1_296' title='bbox 2342 2942 2415 2999; x_wconf 91' lang='lat' dir='ltr'><strong>de</strong></span> 
     </span>
     <span class='ocr_line' id='line_1_30' title="bbox 375 3037 2415 3110; baseline 0.001 -19"><span class='ocrx_word' id='word_1_297' title='bbox 375 3037 650 3110; x_wconf 91' lang='lat' dir='ltr'><strong>magistro</strong></span> <span class='ocrx_word' id='word_1_298' title='bbox 676 3038 884 3094; x_wconf 90' lang='lat' dir='ltr'><strong>Carolo</strong></span> <span class='ocrx_word' id='word_1_299' title='bbox 911 3039 953 3105; x_wconf 83' lang='lat'><strong>⁸,</strong></span> <span class='ocrx_word' id='word_1_300' title='bbox 982 3040 1090 3095; x_wconf 89' lang='lat' dir='ltr'><strong>che</strong></span> <span class='ocrx_word' id='word_1_301' title='bbox 1121 3057 1262 3095; x_wconf 88' lang='lat' dir='ltr'><strong>sono</strong></span> <span class='ocrx_word' id='word_1_302' title='bbox 1289 3041 1491 3096; x_wconf 89' lang='lat' dir='ltr'><strong>adesso</strong></span> <span class='ocrx_word' id='word_1_303' title='bbox 1525 3050 1795 3097; x_wconf 84' lang='lat' dir='ltr'><strong>nonanta.</strong></span> <span class='ocrx_word' id='word_1_304' title='bbox 1830 3042 2040 3097; x_wconf 86' lang='lat' dir='ltr'><strong>Cresce</strong></span> <span class='ocrx_word' id='word_1_305' title='bbox 2087 3042 2336 3095; x_wconf 88' lang='lat' dir='ltr'><strong>anchora</strong></span> <span class='ocrx_word' id='word_1_306' title='bbox 2362 3039 2415 3094; x_wconf 93' lang='lat' dir='ltr'><strong>la</strong></span> 
     </span>
     <span class='ocr_line' id='line_1_31' title="bbox 375 3133 2416 3208; baseline 0 -20"><span class='ocrx_word' id='word_1_307' title='bbox 375 3134 556 3191; x_wconf 90' lang='lat' dir='ltr'><strong>classe</strong></span> <span class='ocrx_word' id='word_1_308' title='bbox 582 3135 655 3191; x_wconf 92' lang='lat' dir='ltr'><strong>de</strong></span> <span class='ocrx_word' id='word_1_309' title='bbox 682 3133 956 3208; x_wconf 88' lang='lat' dir='ltr'><strong>magistro</strong></span> <span class='ocrx_word' id='word_1_310' title='bbox 987 3135 1229 3190; x_wconf 89' lang='lat' dir='ltr'><strong>Martino</strong></span> <span class='ocrx_word' id='word_1_311' title='bbox 1258 3137 1298 3192; x_wconf 80' lang='lat'><strong>⁴:</strong></span> <span class='ocrx_word' id='word_1_312' title='bbox 1331 3135 1487 3191; x_wconf 91' lang='lat' dir='ltr'><strong>Iddio</strong></span> <span class='ocrx_word' id='word_1_313' title='bbox 1522 3135 1604 3192; x_wconf 91' lang='lat' dir='ltr'><strong>sia</strong></span> <span class='ocrx_word' id='word_1_314' title='bbox 1637 3138 1964 3193; x_wconf 84' lang='lat' dir='ltr'><strong>benedettO.</strong></span> <span class='ocrx_word' id='word_1_315' title='bbox 2004 3138 2081 3195; x_wconf 86' lang='lat' dir='ltr'><strong>Se</strong></span> <span class='ocrx_word' id='word_1_316' title='bbox 2115 3136 2319 3192; x_wconf 83' lang='lat' dir='ltr'><strong>amallo</strong></span> <span class='ocrx_word' id='word_1_317' title='bbox 2345 3136 2416 3190; x_wconf 90' lang='lat' dir='ltr'><strong>de</strong></span> 
     </span>
     <span class='ocr_line' id='line_1_32' title="bbox 375 3231 2417 3303; baseline 0.003 -21"><span class='ocrx_word' id='word_1_318' title='bbox 375 3248 486 3285; x_wconf 91' lang='lat' dir='ltr'><strong>vna</strong></span> <span class='ocrx_word' id='word_1_319' title='bbox 507 3239 784 3303; x_wconf 88' lang='lat' dir='ltr'><strong>quartana</strong></span> <span class='ocrx_word' id='word_1_320' title='bbox 803 3239 1000 3287; x_wconf 90' lang='lat' dir='ltr'><strong>nostro</strong></span> <span class='ocrx_word' id='word_1_321' title='bbox 1015 3232 1248 3287; x_wconf 86' lang='lat' dir='ltr'><strong>Andrea</strong></span> <span class='ocrx_word' id='word_1_322' title='bbox 1271 3233 1362 3288; x_wconf 91' lang='lat' dir='ltr'><strong>nel</strong></span> <span class='ocrx_word' id='word_1_323' title='bbox 1384 3250 1539 3290; x_wconf 89' lang='lat' dir='ltr'><strong>mese</strong></span> <span class='ocrx_word' id='word_1_324' title='bbox 1560 3235 1631 3291; x_wconf 91' lang='lat' dir='ltr'><strong>de</strong></span> <span class='ocrx_word' id='word_1_325' title='bbox 1653 3234 1920 3302; x_wconf 88' lang='lat' dir='ltr'><strong>Ottobre,</strong></span> <span class='ocrx_word' id='word_1_326' title='bbox 1945 3243 2003 3290; x_wconf 91' lang='lat' dir='ltr'><strong>et</strong></span> <span class='ocrx_word' id='word_1_327' title='bbox 2024 3233 2118 3291; x_wconf 90' lang='lat' dir='ltr'><strong>nel</strong></span> <span class='ocrx_word' id='word_1_328' title='bbox 2137 3231 2324 3289; x_wconf 85' lang='lat' dir='ltr'><strong>officio</strong></span> <span class='ocrx_word' id='word_1_329' title='bbox 2344 3232 2417 3288; x_wconf 93' lang='lat' dir='ltr'><strong>de</strong></span> 
     </span>
     <span class='ocr_line' id='line_1_33' title="bbox 373 3325 2417 3403; baseline 0.001 -23"><span class='ocrx_word' id='word_1_330' title='bbox 373 3325 631 3397; x_wconf 84' lang='lat' dir='ltr'><strong>agiutare</strong></span> <span class='ocrx_word' id='word_1_331' title='bbox 677 3327 886 3384; x_wconf 88' lang='lat' dir='ltr'><strong>Carolo</strong></span> <span class='ocrx_word' id='word_1_332' title='bbox 930 3326 968 3382; x_wconf 90' lang='lat' dir='ltr'><strong>li</strong></span> <span class='ocrx_word' id='word_1_333' title='bbox 1006 3329 1039 3383; x_wconf 80' lang='lat' dir='ltr'><strong>e</strong></span> <span class='ocrx_word' id='word_1_334' title='bbox 1067 3329 1379 3383; x_wconf 87' lang='lat' dir='ltr'><strong>succeduto</strong></span> <span class='ocrx_word' id='word_1_335' title='bbox 1416 3328 1454 3383; x_wconf 91' lang='lat' dir='ltr'><strong>il</strong></span> <span class='ocrx_word' id='word_1_336' title='bbox 1489 3339 1686 3386; x_wconf 89' lang='lat' dir='ltr'><strong>nostro</strong></span> <span class='ocrx_word' id='word_1_337' title='bbox 1734 3330 1953 3386; x_wconf 85' lang='lat' dir='ltr'><strong>fratello</strong></span> <span class='ocrx_word' id='word_1_338' title='bbox 2000 3328 2214 3387; x_wconf 81' lang='lat' dir='ltr'><strong>Brixio.</strong></span> <span class='ocrx_word' id='word_1_339' title='bbox 2247 3326 2417 3403; x_wconf 91' lang='lat' dir='ltr'><strong>[Non]</strong></span> 
     </span>
    </p>
   </div>
   <div class='ocr_carea' id='block_1_3' title="bbox 370 3443 679 3453">
    <p class='ocr_par' dir='ltr' id='par_1_5' title="bbox 370 3443 679 3453">
     <span class='ocr_line' id='line_1_34' title="bbox 370 3443 679 3453; baseline 0 881"><span class='ocrx_word' id='word_1_340' title='bbox 370 3443 679 3453; x_wconf 95' lang='lat' dir='ltr'><strong> </strong></span> 
     </span>
    </p>
   </div>
   <div class='ocr_carea' id='block_1_4' title="bbox 455 3504 2173 3784">
    <p class='ocr_par' dir='ltr' id='par_1_6' title="bbox 463 3504 1814 3566">
     <span class='ocr_line' id='line_1_35' title="bbox 463 3504 1814 3566; baseline 0.002 -15"><span class='ocrx_word' id='word_1_341' title='bbox 463 3506 473 3533; x_wconf 87' lang='lat'><strong>¹</strong></span> <span class='ocrx_word' id='word_1_342' title='bbox 541 3505 768 3551; x_wconf 74' lang='lat' dir='ltr'><strong>Urbanus</strong></span> <span class='ocrx_word' id='word_1_343' title='bbox 790 3504 977 3552; x_wconf 83' lang='lat' dir='ltr'><strong>Textor</strong></span> <span class='ocrx_word' id='word_1_344' title='bbox 994 3505 1220 3561; x_wconf 88' lang='lat' dir='ltr'><strong>(Weber)</strong></span> <span class='ocrx_word' id='word_1_345' title='bbox 1236 3506 1496 3566; x_wconf 84' lang='lat' dir='ltr'><strong>episcopus</strong></span> <span class='ocrx_word' id='word_1_346' title='bbox 1521 3507 1814 3554; x_wconf 83' lang='lat' dir='ltr'><strong>labacensis.</strong></span> 
     </span>
    </p>

    <p class='ocr_par' dir='ltr' id='par_1_7' title="bbox 457 3578 2173 3701">
     <span class='ocr_line' id='line_1_36' title="bbox 457 3578 2173 3641; baseline 0.003 -19"><span class='ocrx_word' id='word_1_347' title='bbox 457 3581 474 3607; x_wconf 82' lang='lat'><strong>¹</strong></span> <span class='ocrx_word' id='word_1_348' title='bbox 540 3578 665 3625; x_wconf 87' lang='lat' dir='ltr'><strong>Vide</strong></span> <span class='ocrx_word' id='word_1_349' title='bbox 684 3579 959 3638; x_wconf 72' lang='lat' dir='ltr'><strong>POLANCO,</strong></span> <span class='ocrx_word' id='word_1_350' title='bbox 978 3585 1014 3625; x_wconf 88' lang='lat' dir='ltr'><strong>t.</strong></span> <span class='ocrx_word' id='word_1_351' title='bbox 1039 3590 1109 3639; x_wconf 88' lang='lat' dir='ltr'><strong>m,</strong></span> <span class='ocrx_word' id='word_1_352' title='bbox 1130 3595 1246 3640; x_wconf 84' lang='lat' dir='ltr'><strong>pag.</strong></span> <span class='ocrx_word' id='word_1_353' title='bbox 1278 3580 1381 3639; x_wconf 79' lang='lat'><strong>258.</strong></span> <span class='ocrx_word' id='word_1_354' title='bbox 1401 3596 1447 3627; x_wconf 90' lang='lat' dir='ltr'><strong>n.</strong></span> <span class='ocrx_word' id='word_1_355' title='bbox 1471 3592 1576 3639; x_wconf 84' lang='lat'><strong>577,</strong></span> <span class='ocrx_word' id='word_1_356' title='bbox 1599 3597 1715 3641; x_wconf 83' lang='lat' dir='ltr'><strong>pag.</strong></span> <span class='ocrx_word' id='word_1_357' title='bbox 1746 3583 1852 3641; x_wconf 84' lang='lat'><strong>260,</strong></span> <span class='ocrx_word' id='word_1_358' title='bbox 1871 3597 1923 3629; x_wconf 87' lang='lat' dir='ltr'><strong>n.</strong></span> <span class='ocrx_word' id='word_1_359' title='bbox 1951 3581 2173 3640; x_wconf 81' lang='lat'><strong>580·581.</strong></span> 
     </span>
     <span class='ocr_line' id='line_1_37' title="bbox 459 3652 929 3701; baseline 0.004 -5"><span class='ocrx_word' id='word_1_360' title='bbox 459 3653 477 3677; x_wconf 81' lang='lat'>³</span> <span class='ocrx_word' id='word_1_361' title='bbox 540 3652 748 3699; x_wconf 77' lang='lat' dir='ltr'><strong>Carolus</strong></span> <span class='ocrx_word' id='word_1_362' title='bbox 770 3652 929 3701; x_wconf 81' lang='lat' dir='ltr'><strong>Grim.</strong></span> 
     </span>
    </p>

    <p class='ocr_par' dir='ltr' id='par_1_8' title="bbox 455 3725 1492 3784">
     <span class='ocr_line' id='line_1_38' title="bbox 455 3725 1492 3784; baseline 0.004 -14"><span class='ocrx_word' id='word_1_363' title='bbox 455 3725 475 3751; x_wconf 78' lang='lat'><strong>⁴</strong></span> <span class='ocrx_word' id='word_1_364' title='bbox 539 3727 775 3773; x_wconf 76' lang='lat' dir='ltr'><strong>Martinus</strong></span> <span class='ocrx_word' id='word_1_365' title='bbox 798 3727 1058 3774; x_wconf 80' lang='lat' dir='ltr'><strong>Gewaerts</strong></span> <span class='ocrx_word' id='word_1_366' title='bbox 1081 3728 1492 3784; x_wconf 86' lang='lat' dir='ltr'><strong>(Stevordianus).</strong></span> 
     </span>
    </p>
   </div>
  </div>
 </body>
</html>
