2638 4334
404 267 495 312 680
1025 266 1324 312 prsroms
1356 260 1717 320 Misus—733

346 394 455 450 Ch'
479 411 512 447 a
539 386 629 446 nie
656 408 773 445 non
792 390 869 445 mi
895 408 1061 463 parse
1080 392 1188 447 che
1214 387 1444 445 douessi
1471 386 1692 443 leuar'li
1718 396 1920 460 questa
1944 388 2183 461 sigurta.
2218 388 2386 446 Desi-

347 489 487 545 dero
521 488 704 557 saper'
746 502 913 544 come
938 488 1016 541 rn'
1046 489 1121 542 ho
1160 485 1216 540 di
1252 485 1535 555 deportar'
1567 483 1626 539 in
1666 482 1764 538 tali
1789 483 1928 553 casi,
1957 501 2067 540 con
2104 487 2385 541 osseruar’

347 601 518 641 senza
564 582 708 637 altro
750 581 791 636 il
834 583 1362 638 commandamento
1400 581 1508 635 che
1553 580 1615 636 S.
1656 580 1723 635 P.
1773 578 1849 634 mi
1877 580 2083 636 manda
2121 582 2158 635 ¹.
2209 580 2391 652 Sopra

348 687 551 751 questo
596 678 839 751 negocio
858 679 1014 753 ‚deu’
1055 677 1424 742 Ascentione,
1456 676 1646 746 quello
1679 678 1786 732 che
1813 679 1888 732 m’
1925 694 2155 732 occorre
2200 678 2233 732 e
2259 678 2388 742 che,

349 776 591 831 essendo
617 775 824 831 endata
850 784 1008 831 tanto
1034 774 1219 831 inanzi
1248 775 1301 828 la
1327 791 1481 838 cosa,
1509 766 1675 830 come
1701 790 1803 844 per
1826 774 1865 827 1'
1895 774 2038 828 altra
2063 775 2140 829 ho
2166 772 2388 838 scritto,

349 881 407 928 et
432 872 674 928 essendo
693 870 789 943 gia
808 871 862 927 le
890 874 1164 926 monache
1191 878 1464 926 recettate
1491 868 1550 922 in
1570 867 1782 925 diuersi
1802 868 2128 924 monasterii
2149 868 2246 940 piu
2266 886 2386 925 ser-

350 967 478 1035 rati,
506 968 656 1024 doue
682 966 809 1022 seli
835 967 1149 1039 prouedera
1183 967 1238 1020 d’
1272 983 1386 1019 uno
1429 973 1587 1019 tanto
1620 966 1659 1018 l’
1694 983 1866 1031 anno,
1906 984 1940 1020 a
1966 983 2208 1021 razzone
2241 964 2390 1019 della

347 1064 480 1119 dote
504 1065 613 1120 che
638 1073 964 1135 portoron0,
1003 1071 1061 1119 et
1096 1062 1337 1117 essendo
1373 1060 1470 1132 gia
1495 1069 1698 1131 queste
1735 1062 1876 1117 altre
1911 1072 2263 1133 congregate
2297 1062 2388 1115 nel

352 1158 584 1216 seruitio
617 1161 674 1213 d'
712 1158 888 1225 Iddi0,
926 1167 984 1214 et
1018 1157 1330 1212 hauendosi
1362 1158 1503 1212 fatto
1529 1158 1674 1212 colla
1707 1157 1987 1213 solennita
2020 1159 2128 1212 che
2161 1155 2209 1211 si
2245 1157 2387 1220 fece,

354 1257 616 1311 hauendo
639 1264 855 1312 uenuto
874 1273 979 1309 sua
1006 1256 1174 1309 Ecc.⁵
1196 1263 1253 1310 et
1275 1263 1424 1309 tutta
1450 1255 1504 1309 la
1530 1254 1642 1309 cita
1667 1273 1701 1309 a
1728 1264 1931 1324 questo
1959 1263 2100 1322 att0,
2121 1255 2267 1308 oltra
2286 1255 2392 1308 che

354 1362 480 1408 toea
507 1353 562 1407 al
605 1350 903 1423 seruiggio
929 1352 988 1405 d'
1027 1351 1183 1405 Iddio
1230 1353 1336 1406 che
1364 1360 1564 1420 questa
1590 1369 1761 1422 opera
1805 1351 1953 1406 uada
1985 1350 2193 1418 inanzi,
2224 1349 2278 1405 ci
2323 1367 2395 1404 ua

353 1450 599 1504 anchora
645 1449 684 1501 1’
714 1446 998 1502 authorita
1044 1457 1101 1503 et
1129 1449 1308 1502 honor
1354 1447 1411 1501 di
1438 1465 1543 1502 sua
1570 1447 1760 1510 Ecc.⁸,
1791 1449 1898 1501 che
1932 1450 1978 1502 s'
2015 1449 2090 1502 ha
2135 1455 2302 1518 posto
2339 1444 2395 1498 in

354 1553 555 1616 questa
590 1561 781 1615 opera,
829 1553 888 1598 et
935 1547 1115 1599 anche
1160 1545 1308 1598 della
1354 1543 1730 1615 Compagnia,
1778 1545 2098 1599 hauendola
2133 1551 2296 1614 posto
2343 1542 2398 1595 in

354 1650 556 1712 questo
583 1657 687 1694 sua
716 1637 884 1694 Εοο.ἰ
913 1640 1121 1711 Quello
1156 1642 1262 1695 che
1289 1640 1337 1694 si
1364 1642 1438 1694 ha
1466 1641 1628 1708 fatto,
1659 1643 1706 1695 s'
1735 1642 1810 1696 ha
1847 1641 2145 1711 pratticato
2170 1657 2279 1694 con
2299 1640 2393 1711 Jo.

355 1736 584 1802 OsoriO‚
600 1753 845 1806 sempre,
863 1734 903 1789 il
924 1737 1056 1806 qual
1080 1737 1135 1790 fa
1158 1735 1507 1806 professione
1526 1738 1778 1791 anchora
1796 1736 1854 1791 di
1874 1736 2189 1800 canonista,
2212 1744 2270 1790 et
2290 1752 2397 1789 con

355 1833 393 1886 il
421 1831 655 1906 vicario,
686 1831 726 1885 il
751 1832 884 1901 qual
911 1834 984 1887 ha
1013 1841 1228 1888 uenuto
1254 1834 1400 1887 bene
1428 1832 1485 1886 in
1514 1841 1684 1899 tutt0,
1707 1842 1929 1889 eccetto
1950 1832 2008 1887 in
2029 1850 2145 1887 non
2171 1830 2397 1903 pigliar,

355 1930 632 1984 monacha
660 1946 758 1999 per
784 1929 1058 1984 abadessa
1085 1928 1142 1982 di
1173 1938 1375 1998 questo
1413 1947 1607 1983 nuouo
1634 1929 1997 1995 monasterio,
2028 1929 2067 1983 il
2093 1931 2199 1984 che
2239 1947 2401 2000 parse

357 2025 453 2097 piu
487 2024 888 2091 conueniente,
928 2024 1055 2079 anzi
1094 2025 1437 2091 necessario,
1468 2025 1626 2080 accio
1652 2028 1760 2082 che
1792 2025 1978 2096 questi
2006 2025 2185 2080 buoni
2221 2025 2400 2096 spiriti

358 2121 646 2192 potessino
673 2121 867 2177 endar'
899 2120 1084 2175 inanzi
1114 2122 1262 2177 nella
1290 2121 1381 2175 uia
1407 2122 1500 2177 del
1527 2121 1758 2193 Signor.
1793 2124 2011 2178 Perche
2037 2139 2196 2177 come
2233 2122 2286 2177 le
2320 2122 2403 2175 al-

451 2297 461 2321 ¹
527 2292 653 2338 Vide
676 2306 840 2352 supra,
860 2293 1003 2352 epist.
1023 2303 1130 2351 712,
1148 2292 1253 2350 713,
1277 2304 1388 2350 729.
1417 2295 1486 2340 Ut
1501 2308 1619 2340 vero
1636 2294 1849 2354 plenius,
1870 2294 2063 2355 quaein
2085 2296 2176 2340 hac
2198 2294 2406 2355 epistola

355 2368 617 2426 habentur,
659 2366 1015 2425 intelligantur,
1050 2367 1190 2425 juvat
1231 2368 1469 2427 quaedam
1507 2368 1789 2414 exscribere
1832 2384 1894 2415 ex
1938 2370 2211 2428 POLANCO,
2255 2376 2291 2414 t.
2335 2381 2407 2427 m,

359 2454 472 2500 pag.
497 2451 604 2499 227,
629 2439 734 2499 228,
757 2455 804 2485 n.
831 2451 934 2498 501:
960 2441 1172 2486 «Romae
1196 2448 1358 2486 tamen
1382 2443 1503 2487 haec
1539 2442 1819 2489 reformatio
1841 2443 1961 2488 dura
1998 2443 2143 2488 nimis
2167 2443 2274 2488 visa
2294 2442 2406 2499 fuit3

358 2522 409 2560 et
428 2515 653 2575 quamvis
678 2515 735 2559 Ρ.
769 2515 990 2574 Ignatius
1011 2515 1246 2575 quidquid
1270 2517 1428 2576 potuit
1449 2517 1714 2575 diligenter
1734 2517 1981 2577 praestitit
1998 2518 2048 2563 in
2062 2518 2272 2576 gratiam
2295 2518 2409 2563 Pro-

357 2588 509 2647 regis,
533 2588 727 2634 Patrem
752 2589 1107 2635 Provincialem
1147 2591 1479 2650 reprehendit,
1500 2591 1631 2650 quod
1667 2592 1975 2650 suggesisset
2012 2594 2159 2638 talem
2182 2591 2408 2638 reforma·

363 2661 548 2708 tionem
579 2662 834 2722 Pro-regi,
872 2669 923 2709 et
961 2672 1013 2709 ut
1050 2664 1247 2723 ipsimet
1271 2666 1461 2723 Ignatio
1498 2666 1862 2713 commendaret
1901 2674 1954 2712 ut
1990 2666 2407 2713 confirmationem

362 2737 613 2782 Pontificis
641 2744 851 2783 curaret.
873 2738 936 2784 Et
958 2752 1018 2784 eo
1039 2738 1285 2785 difficilius
1319 2740 1566 2799 impetrari
1600 2748 1808 2800 poterat,
1833 2742 1963 2802 quod
1997 2741 2410 2802 Archiepiscopus

359 2811 691 2857 Messanensis
722 2810 996 2858 Cardinalis
1018 2820 1123 2859 erat
1144 2820 1195 2859 et
1219 2814 1440 2859 Pontifici
1462 2822 1650 2874 gratuS,
1672 2816 1755 2876 qui
1772 2823 1940 2862 contra
1963 2818 2086 2862 hanc
2109 2815 2405 2861 reformatio—

361 2898 473 2929 nem
497 2898 557 2930 eo
579 2883 782 2931 liberius
813 2887 1121 2946 loquebatur,
1146 2887 1293 2932 immo
1315 2895 1365 2933 et
1385 2891 1794 2948 conquerebatur,
1826 2889 1957 2950 quod
1979 2905 2006 2935 a
2031 2890 2266 2949 Pro-rege
2293 2904 2401 2949 ger·

361 2972 533 3004 manus
555 2958 710 3019 ipsius
740 2958 891 3005 frater
924 2960 1158 3019 [Joannes
1182 2961 1489 3021 Dominicus]
1511 2962 1697 3023 aliquot
1717 2971 1831 3009 ante
1866 2978 2061 3010 menses
2083 2964 2133 3010 in
2162 2978 2407 3010 carceren.

357 3032 612 3090 conjectus
634 3041 790 3079 esset.
821 3034 981 3092 Jussit
1001 3034 1167 3094 itaque
1189 3036 1204 3094 [
1213 3036 1452 3095 [gnatius]
1476 3037 1788 3097 Provinciali,
1811 3052 1873 3084 ne
1903 3038 1951 3085 in
1976 3046 2224 3099 posterum
2247 3038 2410 3098 hujus-

363 3106 490 3151 modi
522 3122 601 3153 res
634 3114 733 3153 tam
765 3108 991 3155 difficiles
1022 3118 1332 3169 suggereret,
1356 3124 1410 3156 se
1443 3112 1718 3158 inconsulto
1745 3113 1990 3174 (quamvis
2019 3121 2190 3173 postea
2220 3113 2410 3159 intelle-

358 3190 492 3228 ctum
515 3188 593 3227 est
624 3196 722 3228 non
743 3197 942 3229 curasse
974 3183 1169 3229 Patrem
1203 3185 1558 3231 provincialem
1583 3195 1635 3233 ut
1657 3189 1749 3233 hoc
1780 3189 2031 3247 negotium
2055 3188 2187 3234 Patri
2218 3188 2412 3247 Ignatio

358 3255 803 3316 commendaretur,
825 3256 913 3303 sed
936 3257 1096 3318 ipsum
1119 3258 1402 3318 Pro-regem
1426 3269 1600 3320 sponte
1623 3261 1838 3319 fecisse);
1863 3277 2007 3324 posse
2029 3263 2228 3324 quidem
2250 3263 2412 3308 Ponti-

359 3330 500 3374 ficem
523 3344 695 3375 omnes
720 3331 977 3390 religiosas
999 3346 1254 3378 removere
1277 3341 1327 3378 et
1349 3342 1495 3393 caput
1525 3350 1705 3381 novum
1736 3336 2004 3397 imponere,
2027 3337 2116 3383 sed
2133 3345 2296 3383 tamen
2323 3338 2412 3382 hoc

360 3403 521 3461 rigore
543 3404 721 3451 Sedem
748 3406 1083 3466 Apostolicam
1106 3422 1203 3454 non
1227 3409 1316 3467 uti,
1339 3422 1430 3454 nec
1449 3409 1573 3467 juris
1596 3411 1829 3456 terminos
1849 3425 1960 3457 cum
1992 3411 2089 3456 illis
2118 3425 2228 3456 esse
2250 3424 2412 3456 serva·

361 3484 493 3523 tos...
520 3479 800 3539 Utcumque
823 3487 987 3526 tamen
1009 3495 1089 3526 res
1110 3482 1381 3542 composita
1403 3490 1500 3540 est,
1525 3491 1575 3529 et
1598 3485 1945 3531 monasterium
1970 3485 2090 3531 illud
2120 3485 2168 3531 in
2198 3499 2286 3531 sua
2308 3499 2415 3544 per—

357 3552 605 3597 severavit
627 3553 1022 3601 reformatione».
1047 3555 1144 3601 Diu
1169 3557 1483 3603 nihilominus
1506 3557 1685 3604 insecta
1707 3573 1785 3604 res
1808 3558 2004 3617 mansit,
2023 3561 2326 3620 multumque
2348 3561 2413 3606 la-

362 3626 492 3670 boris
527 3635 890 3687 consumptum,
914 3636 968 3676 ut
989 3628 1039 3676 in
1060 3629 1205 3690 epist.
1245 3631 1358 3677 anni
1382 3632 1636 3692 sequentis
1665 3633 1750 3679 fiet
1779 3632 2112 3693 manifestum,
2134 3649 2196 3680 ex
2232 3634 2413 3694 quibus

359 3698 508 3743 etiam
530 3702 778 3747 constabit
799 3702 1000 3750 fratrem
1032 3706 1306 3751 mamertini
1338 3706 1600 3752 cardinalis
1623 3707 1674 3753 in
1702 3722 1950 3755 carcerem
1973 3723 2002 3754 a
2030 3722 2237 3769 protege
2261 3707 2417 3755 fuisse

360 3773 641 3832 conjectum
665 3778 887 3836 proximo
909 3792 1038 3832 anno
1063 3787 1192 3837 1554.
