2638 4334
943 313 996 347 10
1025 302 1277 362 JANUAnn
1314 302 1428 361 1553
2091 308 2146 353 61

164 432 303 488 dissi
337 435 443 489 che
479 450 597 487 non
635 448 888 503 pensaua
925 430 964 483 li
1005 431 1158 486 fusse
1184 431 1415 499 ordene,
1460 439 1518 487 et
1563 432 1681 485 cosi
1721 451 2111 502 procurauano
2153 437 2208 490 di

167 548 305 586 auer
330 532 428 584 un’
458 529 624 585 altro.
649 529 745 582 Ho
763 528 995 598 dunque
1016 527 1305 582 confesate
1325 528 1480 582 dette
1500 527 1668 594 done,
1695 518 2208 600 et'eommunicate,

168 634 226 683 et
253 634 600 692 ueramente,
630 623 670 678 li
697 625 807 679 mei
835 623 1027 691 Padri,
1057 641 1166 679 con
1194 642 1339 696 gran
1366 631 1636 678 contento
1664 625 1797 691 mio,
1828 635 1884 680 et
1913 646 2036 682 suo:
2076 628 2209 695 mi0,

170 742 270 795 per
297 723 351 778 el
378 723 556 777 frutto
585 706 885 793 cfieffspero
909 738 1010 792 per
1031 719 1216 792 gratia
1241 720 1334 776 del
1353 719 1598 791 Signore
1633 739 1695 776 se
1722 711 1889 776 habia
1919 725 2078 793 fatto,
2111 728 2215 779 che

168 819 228 874 in
262 819 486 876 uerole
518 804 733 891 pouere
767 820 920 874 done
946 837 1018 874 ne
1053 836 1313 874 aueuano
1352 836 1495 889 gran
1535 816 1798 886 bisogno,
1844 821 1954 873 Era
1993 821 2141 876 eirca
2181 824 2216 876 6

167 917 307 972 mesi
332 919 440 973 che
465 935 581 972 non
608 935 822 975 eranno
847 916 1157 983 confesate,
1189 924 1247 972 et
1285 914 1429 984 diro,
1460 933 1561 986 per
1599 916 1788 985 quello
1828 918 1917 969 ch'
1963 917 2016 971 io
2056 936 2216 973 com-

165 1013 334 1085 presi,
364 1016 472 1071 che
498 1033 677 1086 penso
704 1014 785 1069 sia
815 1013 951 1069 forsi
978 1013 1112 1069 anni
1158 1029 1222 1068 10
1257 1014 1364 1068 che
1390 1029 1568 1084 pocco
1597 1012 1753 1067 aiuto
1788 1012 1847 1066 in
1881 1013 1991 1068 Dio
2026 1017 2216 1070 hanno

164 1119 342 1166 auuto
367 1112 441 1166 da
465 1111 551 1166 soi
576 1113 924 1178 confessore,
955 1111 1104 1166 onde
1130 1111 1183 1165 le
1208 1111 1363 1166 bone
1388 1109 1655 1181 religiose
1681 1128 1823 1165 sono
1864 1112 2038 1177 molto
2079 1130 2185 1165 con
2204 1145 2217 1152 -

165 1207 362 1275 solate,
392 1207 453 1262 in
480 1216 640 1263 tanto
666 1210 774 1264 che
808 1206 970 1279 quasi
1009 1225 1126 1262 uno
1166 1224 1267 1262 ore
1305 1205 1585 1262 diceuano
1623 1206 1733 1260 alla
1773 1207 1967 1262 madre
2007 1207 2211 1278 priora:

165 1305 367 1360 adesso
391 1304 567 1360 siamo
590 1312 742 1371 nate,
773 1317 832 1361 et
865 1305 943 1358 m’
966 1321 1117 1359 anno
1143 1311 1302 1359 tanto
1328 1303 1538 1358 instato
1559 1305 1666 1359 che
1685 1321 1802 1357 non
1839 1303 1892 1358 le
1933 1304 2218 1375 uolgiamo

165 1402 502 1471 arbandore,
532 1403 682 1459 onde
708 1400 746 1456 li
772 1404 848 1457 ho
873 1402 1032 1458 detto
1059 1403 1167 1458 che
1193 1400 1253 1455 in
1280 1400 1397 1456 casi
1423 1399 1750 1472 particulari
1778 1419 1840 1455 se
1867 1400 1906 1453 li
1932 1402 2068 1456 dara
2094 1400 2187 1457 aiu
2205 1433 2219 1441 ·

168 1507 246 1566 to;
277 1517 369 1554 ma
394 1517 495 1571 per
520 1517 677 1555 esser
703 1498 989 1555 ordinario
1016 1499 1331 1566 confessor,
1362 1517 1478 1553 non
1505 1498 1544 1552 li
1571 1501 1699 1554 sara
1717 1497 1931 1554 ordine.
1955 1500 2050 1553 Me
2070 1498 2219 1553 disse

166 1596 221 1651 la
245 1597 460 1652 madre:
491 1597 718 1653 almeno
745 1597 788 1652 ti
814 1596 1123 1669 potessimo
1149 1614 1287 1652 auer
1311 1615 1415 1668 per
1440 1615 1520 1652 un
1557 1614 1708 1651 anno
1734 1614 1836 1668 per
1869 1597 2213 1651 confessore.

165 1694 239 1748 Et
263 1694 383 1749 cosi
407 1712 499 1751 me
523 1712 630 1749 son
655 1695 946 1751 consolato
983 1712 1084 1766 per
1108 1694 1163 1750 la
1188 1694 1309 1749 loro
1338 1693 1543 1762 utilita,
1576 1702 1633 1751 et
1667 1693 2003 1750 liberatione
2036 1693 2109 1749 de
2134 1694 2205 1747 al·

164 1798 378 1861 quante
402 1791 589 1847 anime
615 1791 803 1849 uicine
825 1792 881 1847 al
906 1793 1134 1847 baratro
1161 1792 1311 1848 della
1336 1790 1754 1863 desperatione,
1784 1792 1839 1845 le
1875 1791 2041 1861 quale
2075 1808 2219 1845 sono

163 1887 378 1944 aiutate
396 1907 498 1961 per
525 1888 710 1962 gratia
735 1890 827 1945 del
846 1889 1112 1961 Signore,
1136 1898 1195 1944 et
1215 1888 1273 1943 in
1301 1888 1584 1945 hilaritate
1610 1906 1854 1945 serueno
1874 1906 1969 1943 mo
1998 1906 2031 1942 a
2057 1888 2218 1958 quel-

162 1986 219 2041 lo
251 2004 354 2058 per
386 1986 573 2059 gratia
604 1988 676 2043 de
702 1986 830 2042 Dio.
867 1987 1033 2043 Nella
1067 1994 1261 2042 nostra
1295 1986 1578 2042 terriciola
1611 2004 1815 2043 auemo
1848 1985 1984 2040 boni
2019 2003 2217 2040 mona-

164 2082 342 2152 sterii,
372 2083 548 2156 degni
574 2083 631 2139 di
662 2083 802 2157 ogni
828 2083 985 2139 aiuto
1010 2102 1113 2156 per
1138 2084 1194 2138 la
1220 2084 1340 2138 loro
1361 2085 1603 2139 honesta
1628 2093 1687 2139 et
1712 2085 1971 2156 pouerta.

276 2181 367 2237 Ne
391 2181 536 2237 altro
560 2199 661 2254 per
697 2183 837 2237 hora
881 2189 1050 2248 resta,
1095 2183 1186 2235 ch’
1218 2200 1251 2236 a
1289 2180 1347 2235 di
1388 2180 1841 2236 raccomandarsi
1889 2182 2064 2236 molto
2110 2180 2218 2237 alle

162 2285 326 2333 sante
350 2277 606 2335 oratione
630 2278 780 2336 delle
804 2277 1086 2350 paternita
1110 2286 1303 2334 vostre
1329 2286 1388 2335 et
1421 2278 1514 2346 del
1559 2278 1752 2333 dottor
1792 2279 1999 2347 Olaue,
2043 2296 2218 2334 soaue

164 2382 222 2430 et
247 2374 361 2446 pi0,
390 2382 449 2431 et
475 2375 570 2433 del
595 2384 794 2432 nostro
822 2377 890 2431 P.
916 2374 1251 2431 Hieronimo
1278 2375 1515 2432 Ottello.
1541 2377 1625 2431 La
1651 2394 1756 2430 sua
1775 2376 1970 2432 madre
1992 2376 2023 2431 ὲ
2045 2376 2218 2430 molto

163 2469 403 2528 infirma.
444 2474 528 2530 La
566 2473 736 2530 uisito
773 2474 882 2530 alle
922 2475 1095 2530 uolte.
1140 2474 1368 2529 Adesso
1396 2492 1512 2529 non
1552 2472 1601 2529 si
1638 2482 1800 2529 sente
1840 2491 1973 2530 cose
2011 2491 2218 2529 eronee

162 2568 290 2634 dala
313 2586 446 2625 casa
471 2588 595 2638 sua,
625 2570 778 2642 quali
806 2570 939 2627 tutti
965 2572 1019 2627 al
1045 2571 1203 2627 detto
1233 2572 1417 2627 Padre
1445 2571 1779 2628 Hieronimo
1808 2591 1870 2627 se
1898 2571 2216 2626 arieoman-

161 2666 327 2722 dano,
362 2668 448 2723 Lo
474 2677 670 2725 vostro
696 2656 755 2725 in
773 2671 915 2743 Jesu
941 2686 1131 2738 seru0,

1126 2768 1188 2821 P.
1231 2768 1524 2824 GAsPARo
1563 2768 1917 2824 GROPELLO.

270 2863 360 2918 De
388 2865 606 2920 Bassan
630 2863 726 2920 alli
760 2880 825 2920 10
852 2865 1084 2920 Genaro
1119 2877 1279 2934 1553.

275 2960 343 3014 El
370 2969 565 3016 nostro
593 2978 933 3033 compagnO,
966 2945 1110 3018 frate
1139 2962 1474 3033 Augustino
1512 2962 1766 3030 eremita,
1810 2963 1984 3017 molto
2013 2980 2073 3017 se
2102 2959 2213 3015 ari—

164 3059 441 3113 comanda
465 3058 573 3114 alle
606 3058 888 3131 patemita
924 3068 1135 3127 vostre,
1167 3067 1225 3114 et
1251 3059 1306 3114 al
1341 3062 1407 3115 P.
1447 3061 1638 3115 dottor
1677 3061 1881 3116 Olaue.
1925 3059 2214 3116 Scordaua

162 3153 221 3208 di
246 3154 435 3210 auisar
460 3156 570 3211 alla
595 3155 813 3212 charita
837 3153 1068 3232 [vostra]
1094 3174 1255 3212 come
1283 3157 1377 3212 alli
1412 3173 1474 3212 12
1497 3157 1837 3213 Decembrio
1861 3172 1928 3227 52
1950 3155 2139 3212 reeeui
2158 3156 2211 3210 le

163 3251 363 3309 lettere
400 3253 550 3310 della
590 3256 656 3309 P.
690 3255 789 3323 V.‚
820 3256 928 3311 che
966 3253 1044 3308 mi
1084 3254 1336 3321 consolo,
1370 3273 1486 3310 non
1526 3256 1709 3310 solum
1748 3254 1997 3321 l'anima,
2029 3273 2120 3308 ma
2158 3254 2211 3308 le

162 3347 379 3405 uiscere
429 3351 738 3423 corporale,
782 3369 884 3423 per
929 3351 983 3407 la
1028 3350 1244 3406 charita
1283 3353 1391 3408 che
1430 3351 1487 3405 in
1528 3353 1714 3422 quelle
1762 3370 1826 3408 se
1864 3350 2207 3421 comprende

114 3473 117 3476 ·
161 3463 328 3502 uerso
353 3446 412 3501 di
443 3448 480 3502 ¹.
983 3443 998 3454 ’
1661 3440 1665 3444 ’

272 3544 596 3615 Inscriptio:
621 3546 698 3602 Al
723 3546 900 3601 molto
925 3546 1239 3603 reuerendo
1269 3547 1475 3615 Padre,
1505 3547 1559 3602 el
1587 3548 1774 3602 Padre
1801 3547 1975 3602 mieer
2003 3547 2070 3600 P.
2111 3546 2205 3615 Ig-

160 3638 335 3707 natio,
367 3642 552 3698 Padre
577 3644 725 3700 della
751 3642 1108 3718 Compagnia
1132 3642 1265 3699 delli
1291 3642 1435 3715 preti
1462 3644 1555 3698 del
1574 3645 1735 3716 jesu,
1768 3661 1873 3698 suo
1900 3643 2074 3696 molto
2101 3644 2205 3695 ho-

162 3736 415 3792 norando
440 3737 502 3794 in
526 3741 676 3811 Xpo.
699 3742 861 3813 Jesu,
892 3759 926 3795 a
953 3742 1152 3796 Roma.

255 3851 271 3877 ¹
334 3849 518 3895 Attrita
538 3850 745 3910 epistola
765 3851 815 3897 in
836 3851 1001 3897 infima
1021 3853 1218 3898 chartae
1241 3867 1341 3909 ora,
1358 3851 1517 3912 aliqua
1536 3851 1891 3898 desiderantur.
