2638 4334
395 322 478 369 168
1010 322 1308 368 Emsrour.
1338 321 1699 381 uma-554

332 450 372 504 il
405 457 556 505 roeto
582 445 661 501 dil
689 454 878 519 tempo
904 446 964 503 in
989 445 1368 514 confessione,
1398 447 1453 503 la
1477 464 1605 504 sera
1629 447 1684 505 le
1708 447 1950 515 lettioni‚
1980 449 2054 503 ne
2081 445 2193 502 mai
2219 445 2269 503 si
2286 445 2377 519 pi-

332 543 447 615 glia
473 542 617 598 libro
641 542 716 597 da
740 541 1002 610 studiar',
1032 550 1092 599 et
1115 560 1337 615 sempre
1364 544 1436 600 N.
1470 544 1533 601 S.
1571 544 1722 599 dona
1752 542 1872 616 piu,
1913 546 2158 600 anchora
2189 543 2298 598 che
2322 542 2378 598 le

332 638 598 712 prediche
622 637 923 694 durassino
948 639 1005 694 d’
1039 657 1153 695 una
1184 640 1314 695 luce
1353 647 1412 696 et
1444 640 1483 694 l'
1519 640 1682 707 altra,
1719 658 1837 695 non
1875 658 2078 697 manca
2116 637 2371 707 materia,

332 753 431 807 per
456 735 510 789 13
537 733 670 806 qual
696 751 832 790 cosa
859 734 1014 802 tutti,
1042 733 1188 790 dotti
1227 743 1286 790 et
1318 734 1544 802 indotti,
1582 743 1788 791 stanno
1821 735 2117 808 stupefatti
2151 744 2209 793 et
2243 751 2375 806 pre—

330 849 483 902 gano
509 829 548 884 il
575 828 788 903 Signor
815 830 892 885 mi
917 831 1068 886 dona
1092 831 1148 886 la
1174 829 1357 886 sanita
1383 830 1462 886 dil
1487 848 1685 903 corp0,
1716 833 1925 903 perche
1949 850 2067 887 non
2093 850 2235 887 sono
2263 831 2376 886 mai

332 945 433 998 per
458 945 572 983 una
598 928 738 982 hora
763 925 963 993 libem,
994 927 1068 982 ne
1092 944 1194 998 per
1220 945 1434 994 mezza,
1464 945 1557 982 ma
1582 926 1623 981 il
1647 925 1860 999 Signor
1883 931 1960 983 m'
2002 927 2243 1000 aggiuta
2275 946 2377 1000 per

329 1041 436 1079 sua
462 1022 868 1079 misericordia.
903 1024 1015 1078 Per
1041 1031 1245 1093 questo
1271 1040 1486 1094 pouero
1513 1042 1683 1095 paese
1709 1024 1765 1079 13
1797 1022 2048 1079 dottrina
2071 1024 2380 1081 christiana

330 1123 378 1175 s'
408 1119 651 1191 insegna
675 1117 732 1174 in
762 1120 940 1175 Terra
965 1120 1133 1174 Noua
1158 1118 1310 1190 dopo
1336 1137 1504 1175 nona.
1538 1121 1671 1175 Non
1696 1119 1745 1175 si
1774 1118 1905 1176 uide
1932 1119 2043 1176 mai
2071 1128 2230 1176 tanta
2249 1138 2377 1176 mu-

332 1216 546 1272 tatione
573 1214 631 1269 ni
658 1223 819 1270 tanta
844 1214 1143 1272 diuotione
1168 1213 1229 1269 in
1254 1223 1459 1285 questa
1484 1215 1645 1284 isola,
1675 1217 1925 1273 secondo
1957 1218 2067 1273 che
2099 1215 2307 1272 dicono
2339 1215 2378 1270 li

332 1312 429 1385 piu
455 1311 668 1368 antichi
694 1320 754 1366 et
778 1310 962 1382 vechij
992 1310 1050 1366 di
1076 1319 1280 1383 questa
1308 1321 1477 1381 terra;
1502 1321 1561 1368 et
1580 1312 1677 1385 gia
1696 1314 1827 1369 dall’
1859 1331 1976 1370 uno
2002 1331 2144 1384 capo
2170 1313 2264 1368 all’
2292 1313 2379 1367 al-

331 1418 422 1465 tro
445 1409 593 1464 della
620 1407 854 1464 Corsica
879 1416 938 1463 et
964 1425 1066 1480 per
1091 1407 1131 1462 il
1156 1426 1352 1465 mezzo
1379 1410 1411 1464 ὁ
1438 1411 1635 1465 uolata
1658 1410 1713 1466 13
1737 1411 1932 1466 buona
1958 1411 2127 1478 fama,
2169 1409 2379 1481 perche

332 1524 446 1561 non
479 1505 528 1561 si
563 1505 677 1577 puo
712 1523 869 1562 esser
903 1504 960 1559 in
1002 1503 1138 1560 tutti
1169 1506 1224 1562 le
1258 1514 1409 1563 terre
1442 1506 1959 1578 presentialmente.
2003 1506 2102 1563 Gli
2142 1505 2379 1561 siammo

330 1620 440 1658 con
466 1603 519 1658 le
553 1603 753 1659 lettere
788 1601 1226 1657 raccordandosi
1257 1602 1407 1660 delle
1441 1602 1652 1659 fatiche
1690 1602 1749 1658 di
1788 1604 1910 1660 S.t0
1958 1603 2159 1670 Pau10,
2202 1611 2262 1658 et
2299 1601 2380 1657 dil

332 1700 520 1766 modo,
550 1707 609 1754 et
635 1699 842 1753 mando
869 1697 1084 1755 libretti
1115 1698 1266 1754 della
1298 1699 1552 1756 dottrina
1585 1698 1915 1769 christiana,
1952 1700 2143 1754 dando
2180 1697 2381 1756 ordine

330 1794 422 1851 chi
449 1797 485 1849 l'
515 1795 841 1867 insegnara,
871 1803 930 1850 et
956 1796 1065 1852 che
1091 1795 1414 1851 esshortino
1441 1795 1480 1851 li
1505 1795 1787 1853 sacerdoti
1813 1796 1854 1851 li
1878 1796 2005 1852 suoi
2039 1794 2233 1869 popoli
2268 1795 2381 1850 alla

333 1892 662 1964 penitentia,
692 1900 751 1947 et
777 1891 1074 1964 cognition
1100 1892 1234 1949 delli
1260 1891 1388 1947 suoi
1414 1892 1655 1964 peccati,
1686 1901 1744 1951 et
1770 1911 1805 1949 a
1830 1892 2171 1950 confessarsi
2197 1899 2257 1949 et
2281 1908 2382 1948 co-

333 1988 637 2044 municarsi
664 1988 803 2061 ogni
830 1987 1149 2056 domenica,
1187 1991 1396 2061 perche
1430 2007 1548 2044 non
1581 1989 1631 2045 si
1665 2008 1730 2045 sa
1762 1990 1799 2045 l'
1837 1992 1978 2046 hora
2003 1990 2152 2047 della
2177 1998 2377 2046 morte.

333 2085 469 2141 Cosi
498 2104 635 2157 opra
660 2085 1079 2143 mirabilmente
1104 2084 1144 2139 il
1170 2087 1245 2142 N.
1271 2086 1334 2143 S.
1360 2085 1420 2141 in
1440 2094 1645 2158 questa
1663 2086 1828 2154 isola,
1852 2089 1959 2143 che
1979 2085 2253 2143 circuisse
2274 2099 2383 2156 soo

334 2182 544 2254 miglia,
575 2191 635 2239 et
660 2182 756 2255 gia
782 2200 817 2237 3
838 2181 1157 2250 Bonifacio,
1181 2182 1411 2240 diocese
1429 2202 1675 2240 annessa
1698 2184 1791 2239 all'
1816 2183 2304 2256 archiepiscopato
2323 2181 2382 2237 di

337 2282 580 2335 Mons.or
613 2289 809 2335 nostro
835 2280 874 2334 l’
905 2279 1277 2337 arciuescouo
1302 2280 1461 2338 Sauli
1492 2282 1532 2350 ¹,
1562 2279 1855 2354 giogneno
1875 2280 2064 2336 insino
2085 2298 2120 2335 a
2139 2287 2310 2336 cento
2328 2279 2383 2334 la

334 2376 627 2432 domenica
671 2375 731 2431 in
765 2376 1163 2445 comunicarsi,
1193 2386 1253 2435 et
1285 2377 1326 2432 il
1352 2395 1458 2434 suo
1486 2377 1700 2434 vicario
1725 2378 1745 2406 ¹
1774 2377 1855 2433 iui
1881 2379 1915 2434 ἐ
1948 2378 2123 2433 molto
2157 2386 2379 2444 nostro,

334 2480 393 2529 et
438 2473 510 2527 ne
555 2471 790 2530 riseriue
817 2472 980 2545 quasi
1005 2473 1145 2546 ogni
1191 2482 1316 2530 otto
1360 2475 1418 2529 di
1451 2473 1530 2529 dil
1558 2474 1735 2531 frutto
1760 2475 1867 2530 che
1895 2474 1951 2530 fa
1994 2472 2075 2529 iui
2101 2475 2174 2530 N.
2206 2474 2268 2531 S.
2312 2473 2384 2529 Et

336 2569 395 2622 in
423 2569 564 2625 altre
590 2578 739 2626 terre
764 2569 863 2642 piu
890 2578 949 2626 et
975 2570 1146 2627 n'ieno
1173 2569 1222 2626 si
1248 2570 1625 2627 comunicono
1653 2570 1791 2644 ogni
1817 2570 2134 2627 domenica.
2234 2579 2242 2590 '

451 2667 624 2721 Molte
650 2666 774 2738 paci
801 2666 848 2722 si
876 2685 1060 2723 sonno
1089 2666 1236 2738 fatti,
1265 2687 1358 2724 ma
1385 2668 1635 2724 nessuna
1661 2686 1725 2726 se
1749 2669 1823 2725 ne
1849 2670 1966 2741 puo
1995 2668 2095 2723 far*
2125 2686 2300 2724 senza
2333 2667 2388 2722 la

337 2762 712 2818 confessione:
747 2772 902 2820 tante
929 2764 1192 2837 raggionj
1222 2765 1429 2821 dieono
1455 2783 1490 2821 a
1514 2782 1622 2821 suo
1656 2766 1848 2835 modo,
1886 2783 1980 2820 ma
2014 2765 2123 2819 alla
2157 2764 2388 2821 confes—

337 2857 498 2914 sione
526 2877 807 2915 nessuma.
841 2862 911 2916 Et
941 2859 1058 2928 tali,
1089 2864 1197 2917 che
1223 2879 1366 2919 sono
1393 2861 1526 2918 stati
1551 2862 1626 2918 da
1652 2861 1812 2919 uenti
1833 2861 1967 2917 anni
1987 2860 2047 2917 in
2067 2860 2382 2928 inimicitie,

342 2956 480 3008 hora
526 2956 597 3009 N.
648 2956 707 3012 S.
759 2957 795 3010 l'
845 2959 918 3012 ha
966 2957 1268 3029 pacificati3
1321 2958 1438 3026 tali,
1486 2960 1597 3016 che
1629 2957 1740 3014 mai
1786 2957 1835 3014 si
1860 2976 2007 3014 sono
2051 2956 2380 3024 confessati,

344 3048 437 3103 tali
463 3081 534 3090 -—
560 3082 632 3091 -
661 3051 756 3121 piu
784 3053 937 3120 anni,
968 3056 1107 3110 hora
1146 3072 1329 3111 sonno
1368 3054 1691 3111 confessati.
1738 3054 1907 3110 Tanti
1944 3056 2139 3109 hanno
2177 3054 2386 3109 lassate

433 3245 445 3271 ¹
511 3243 836 3303 Hieronymus
867 3245 1020 3304 Sauli,
1051 3247 1448 3307 archiepiscopus
1477 3247 1773 3307 genuensis,
1806 3247 2054 3293 Bononiae
2085 3247 2387 3307 prolegatus,

342 3315 402 3360 de
425 3331 520 3376 quo
542 3331 687 3377 saepe
711 3326 862 3375 agunt
888 3319 1070 3365 Cartas
1090 3323 1150 3368 de
1174 3323 1282 3369 San
1303 3322 1532 3384 Ignacio,
1555 3323 1770 3369 Polanco
1790 3328 1841 3368 et
1862 3321 2064 3377 Bartoli,
2082 3334 2139 3367 ac
2162 3319 2388 3367 laudibus

346 3390 480 3434 illurn
503 3399 878 3450 prosequuntur.

431 3462 449 3487 ¹
511 3464 764 3509 «vicarius
783 3465 1019 3512 Bonifacii
1042 3469 1293 3528 (oppidum
1316 3469 1438 3516 illud
1458 3477 1659 3517 centum
1680 3468 2035 3531 quinquaginta
2057 3467 2275 3514 millibus
2299 3467 2388 3513 Bn-

344 3536 437 3581 stia
458 3536 606 3583 distat
629 3546 678 3583 et
702 3547 891 3598 portum
915 3542 1063 3587 habet
1086 3557 1182 3589 non
1206 3543 1574 3604 ignobilem)...,
1593 3552 1738 3605 prout
1753 3544 2063 3606 promiserat,
2079 3551 2256 3590 octavo
2270 3555 2388 3603 quo·

342 3623 438 3670 que
474 3608 554 3655 die
591 3612 948 3659 communicare
985 3625 1232 3676 coeperat,
1271 3627 1322 3664 et
1359 3619 1588 3666 omnibus
1618 3619 1803 3666 saeculi
1833 3619 1982 3665 rebus
2018 3633 2073 3664 se
2105 3616 2388 3664 renuntiare

345 3684 492 3742 velle,
516 3691 568 3729 ut
592 3685 697 3730 Deo
720 3695 932 3743 vacaret,
955 3691 1241 3749 cupiebat...
1267 3694 1322 3738 In
1343 3693 1476 3739 dicto
1499 3693 1695 3755 oppido,
1723 3692 1857 3755 quod
1884 3692 2142 3740 Genuensi
2169 3690 2387 3738 dioecesi

343 3770 588 3803 annexum
618 3766 711 3815 est,
752 3759 853 3805 fere
882 3770 1078 3808 centum
1117 3766 1324 3824 singulis
1361 3767 1537 3814 diebus
1572 3767 1832 3815 dominicis
1867 3766 2386 3814 communicabant...»

344 3830 617 3889 POLANCO,
641 3842 682 3878 t.
712 3844 781 3890 ιιι,
807 3849 922 3893 pag.
951 3836 1008 3881 88
1030 3845 1080 3883 et
1101 3838 1177 3898 93,
1202 3855 1255 3886 n.
1290 3842 1367 3886 161
1394 3849 1446 3887 et
1472 3853 1577 3900 172.
