2638 4334
1166 272 1332 318 Innax
1366 282 1546 319 aarum

387 398 830 461 frequentantium,
859 398 976 457 3423
1015 396 1213 457 collegii
1244 411 1319 442 re·

387 482 512 532 ctor,
533 490 588 520 v.
612 473 794 529 Helmi,
817 473 1018 520 Caesar.

329 547 635 604 Ventimilla,
650 561 785 594 soror
800 548 1188 601 Bartholomaea‚
1205 544 1314 592 618.

329 623 564 682 Vergara,
602 599 696 669 Dr.
745 637 796 667 v.
831 621 1060 667 RamIrez
1100 620 1163 666 de
1193 619 1314 664 Ver-

386 710 527 756 gara.
972 728 974 730 -

328 769 612 829 Vergerius,
643 770 839 827 Petrus,
872 769 1132 828 episcopus
1165 768 1308 827 justi·

385 842 693 904 nopolitanus
730 842 885 902 (Capo
920 842 1156 901 d’lstria)‚
1187 840 1296 887 286.

325 917 547 977 Vernuy,
563 915 799 974 Didacus,
823 926 928 974 591.

323 990 535 1047 Vibona,
558 1004 693 1050 opp.,
715 1005 769 1035 v.
794 990 1000 1035 Bibona.

323 1064 547 1110 Vicarius
568 1063 825 1120 Bonifacii,
852 1063 953 1115 118.

323 1138 574 1192 -Leriae,
603 1148 707 1195 174.

324 1211 566 1258 —Montis
600 1211 780 1270 regalis
816 1212 868 1257 in
905 1210 1092 1270 sieilia,
1124 1209 1249 1256 alius
1279 1225 1307 1255 a

385 1286 618 1347 Pompejo
638 1285 974 1345 Zambeccari,
1011 1296 1116 1343 2443
1139 1299 1309 1345 parum

385 1360 684 1406 Societatem
719 1362 869 1420 amat,
899 1372 1004 1419 2453
1035 1373 1184 1418 aegre
1213 1359 1310 1404 fert

385 1442 577 1480 nostros
597 1435 892 1492 concionari,
914 1427 1023 1494 347,
1054 1434 1159 1492 486.

326 1509 545 1556 Victoria
565 1510 813 1568 (Vitoria),
844 1503 978 1569 opp„
1002 1510 1083 1567 561
1098 1542 1110 1554 .

324 1583 559 1644 Victoria,
590 1585 671 1629 Fr.
711 1584 1001 1643 Franciscus
1037 1583 1118 1641 de,
1141 1582 1204 1631 O.
1229 1584 1307 1639 P.,

382 1658 614 1716 magister
631 1658 1043 1718 sapientissimus,
1064 1669 1176 1715 429.

321 1731 563 1791 Victoria,
600 1733 656 1778 P.
676 1734 892 1791 Joannes
915 1733 1198 1791 Alphonsus
1219 1732 1300 1788 de,

380 1807 660 1865 burgensis,
691 1806 743 1852 S.
778 1808 846 1866 J.,
878 1807 1071 1853 Vienna
1099 1807 1306 1852 Romam

379 1887 630 1937 evocatur,
650 1891 753 1938 142,
776 1891 877 1939 1443
897 1881 1005 1940 ejus
1015 1887 1172 1940 pater,
1191 1879 1300 1939 423,

378 1955 492 2012 649.

323 2027 506 2087 Vieira,
543 2029 653 2076 aliis
694 2029 860 2086 Viera,
882 2030 944 2075 P.
993 2029 1302 2087 FranciscuS,

381 2103 434 2149 S.
459 2105 525 2163 J.,
550 2103 803 2150 fructuose
835 2104 1170 2162 concionatur,
1192 2102 1275 2148 321
1290 2137 1303 2149 .

326 2177 519 2223 Vienna
530 2179 777 2236 Austriae,
788 2179 1080 2225 Vindobona
1096 2177 1304 2236 (Wien),

386 2254 522 2308 urbs,
545 2261 596 2299 et
617 2255 878 2313 collegium
899 2254 957 2302 S.
995 2255 1064 2313 J.,
1086 2252 1304 2312 religiosi

383 2326 477 2373 Sti.
511 2329 757 2374 Dominici
786 2344 928 2374 suum
957 2327 1305 2399 monasterium

381 2409 630 2462 repetunt,
654 2405 757 2461 5843
776 2403 1070 2450 coenobium
1091 2403 1312 2447 carmeli-

380 2483 537 2522 tarum
560 2477 796 2524 Societati
814 2493 842 2523 a
858 2492 977 2537 rege
994 2476 1301 2535 designatur,

377 2551 480 2608 5853
514 2554 710 2598 scholae
740 2553 1001 2599 Societatis
1043 2553 1300 2599 inferiores

377 2625 736 2686 frequentatae,
768 2627 874 2686 586,
903 2628 1011 2684 651;
1040 2628 1211 2672 harum
1234 2626 1304 2671 di-

380 2698 675 2759 scipulorum
713 2715 799 2760 pro
838 2701 1079 2759 religione
1119 2700 1300 2746 tuenda

379 2773 613 2833 studium,
649 2775 756 2832 6513
796 2775 1069 2822 auditorum
1114 2777 1299 2820 theolo-

381 2847 493 2906 giae
535 2849 586 2894 in
627 2850 887 2895 viennensi
929 2850 1179 2896 academia
1202 2849 1306 2894 exi-

383 2936 512 2982 guus
548 2939 797 2981 numerus,
827 2925 933 2982 650,
973 2941 1021 2970 v.
1066 2935 1168 2983 142,
1203 2935 1304 2982 144,

392 2997 494 3055 181,
519 3009 624 3057 219,
646 3012 754 3059 404,
775 2999 883 3059 648,
903 3000 1010 3058 649·

329 3070 494 3131 Viera,
518 3073 750 3132 Didaeus,
787 3074 954 3120 deficit
990 3089 1017 3119 a
1040 3074 1304 3120 societate:

385 3145 955 3194 donationem-bonorum
979 3163 1196 3207 suorum,
1219 3148 1305 3193 So·

385 3221 552 3267 cietati
572 3221 771 3282 factam,
794 3232 1011 3279 revocat,
1055 3234 1155 3280 177,
1189 3223 1297 3279 267.

326 3294 655 3357 Vilabertran,
697 3313 816 3359 opp.
861 3306 911 3344 et
947 3298 1162 3356 abbatia,
1196 3296 1300 3354 389,

332 3442 335 3443 ⁷
386 3383 491 3431 4¹9»
514 3383 623 3432 455·

325 3446 472 3506 Villa,
497 3449 632 3493 locus
666 3447 1030 3507 Garfagnanae,
1068 3446 1173 3506 312,
1196 3446 1302 3504 314,

386 3521 496 3580 315.

328 3595 700 3656 Villahermosa‚
729 3597 925 3643 ducissa
961 3597 1038 3652 de,
1061 3612 1114 3642 v.
1140 3594 1304 3652 Borja,

389 3670 660 3718 Ludovica.

329 3743 488 3790 —dux
524 3745 611 3803 de,
654 3761 708 3791 v.
767 3747 965 3804 Aragon
1008 3753 1058 3791 et
1100 3745 1306 3797 Gurrea,

390 3819 647 3866 Martinus.

2285 282 2380 337 7⁶5

1396 396 1664 442 Villalobos
1671 400 2003 461 NAlphonsus
2012 403 2073 448 de
2082 404 2374 464 ,episcopus

1446 470 1508 515 de
1537 472 1848 532 Esquilache,
1866 474 1941 533 82,
1965 476 2039 520 83.

1386 543 1698 602 Villanueva,
1721 555 1853 603 actor
1874 563 2129 595 causarum
2167 551 2373 607 Romae,

1456 618 1581 663 alius
1603 633 1630 662 a
1654 620 1712 664 P.
1744 622 2002 668 Francisco
2031 622 2094 668 de
2125 624 2373 670 Villanue-

1445 706 1524 746 va,
1549 693 1625 750 56,
1650 704 1723 750 57.

1388 766 1700 822 Villanueva,
1725 769 1784 813 P.
1815 770 2103 814 Franciscus
2124 771 2203 827 de,
2228 771 2280 815 S.
2301 773 2329 830 J
2338 805 2372 830 .,

1445 831 1798 899 complutensis
1830 843 2024 900 collegii
2055 852 2231 902 rector,
2265 844 2370 890 mit-

1447 914 1567 959 titur
1604 916 1666 959 ab
1706 916 1864 960 Araoz
1912 916 1962 960 in
2000 917 2371 976 Portugalliam,

1446 1002 1527 1034 res
1570 988 1813 1033 sociorum
1856 989 2223 1048 exploraturus,
2268 990 2370 1051 130,

1450 1061 1551 1117 131,
1581 1063 1682 1118 1563
1708 1062 1758 1108 in
1790 1063 2075 1123 Hispaniam
2105 1078 2216 1110 cum
2239 1065 2371 1110 Gon-

1444 1137 1610 1194 calves
1632 1135 1694 1180 da
1725 1137 1930 1183 Camara
1958 1137 2240 1194 revertitur,
2268 1139 2372 1196 1563

1447 1210 1697 1267 laudatur,
1746 1210 1853 1268 1583
1907 1211 2157 1256 Simonem
2199 1211 2369 1257 Rodri-

1448 1299 1574 1343 gues
1596 1285 1817 1330 hortatur
1853 1291 1907 1329 ut
1949 1300 2010 1330 ex
2053 1286 2371 1344 Portugallia,

1449 1359 1724 1404 communis
1768 1360 1884 1404 boni
1921 1374 2092 1418 causa,
2129 1359 2371 1419 discedat,

1447 1431 1554 1490 357;
1579 1448 1607 1478 a
1640 1435 1826 1492 morbo,
1860 1434 1910 1479 in
1946 1449 2091 1493 quem
2115 1434 2372 1492 inciderat,

1445 1508 1767 1565 convalescit,
1799 1508 1906 1565 4083
1947 1508 2155 1553 mittitur
2186 1508 2371 1554 Cordu-

1450 1584 1562 1627 bam
1586 1583 1646 1627 ad
1675 1583 2028 1628 instituendum
2063 1582 2130 1628 ibi
2153 1582 2368 1628 Societa-

1443 1657 1507 1702 tis
1544 1657 1823 1715 collegium3
1867 1657 1983 1717 quid
2025 1657 2086 1701 de
2116 1672 2168 1701 se
2206 1671 2262 1702 ac
2303 1657 2367 1702 de

1444 1731 1745 1781 baeticos-um
1769 1732 1930 1776 indole
1954 1732 2151 1788 sentiat,
2174 1730 2278 1787 463;
2303 1747 2354 1776 v.

1447 1816 1557 1863 120,
1584 1805 1686 1861 131,
1716 1816 1815 1863 157,
1841 1806 1945 1862 206,
1984 1817 2088 1863 224,
2125 1817 2230 1863 459,
2254 1804 2362 1863 480,

1443 1880 1548 1938 528,
1581 1890 1686 1937 529,
1720 1890 1824 1937 5512
1852 1878 1957 1938 563,
1989 1879 2091 1936 568,
2131 1890 2235 1937 574,
2256 1879 2373 1937 598‘

1438 1955 1549 2010 600,
1573 1954 1679 2010 608,
1703 1965 1809 2011 707.

1385 2029 1696 2084 Villanueva,
1717 2028 1931 2072 Didacus
1950 2026 2365 2086 (Jaime),script.,

1450 2102 1559 2160 389.

1386 2177 1698 2235 Villanueva,
1718 2178 1855 2221 Stus.
1887 2178 2098 2220 Thomas
2121 2176 2200 2230 de,
2225 2175 2286 2223 O.
2301 2176 2359 2220 S.

1447 2252 1530 2308 A„
1562 2251 1956 2310 archiepiscopus
1980 2250 2252 2306 Valentiae,
2280 2250 2346 2294 So

1445 2327 1677 2372 cietatem
1708 2325 2053 2370 benevolentia
2089 2324 2374 2383 complecti·

1451 2408 1548 2459 tur,
1570 2400 1677 2458 698,
1699 2401 1803 2457 699.

1384 2475 1660 2534 Villarroel,
1686 2476 1985 2533 Alphonsus‚
2005 2474 2155 2517 abbas
2174 2474 2373 2517 valliso—

1442 2553 1653 2607 letanus,
1691 2548 1851 2593 dictus
1894 2548 2041 2592 etiam
2086 2548 2366 2606 Alphonsus

1448 2626 1711 2684 Euriquez,
1734 2623 1844 2679 480.

1381 2700 1693 2745 Villavitiosa
1711 2699 2065 2755 (Villavicosa),
2089 2710 2198 2755 opp.
2220 2702 2270 2742 et
2292 2711 2372 2740 se·

1439 2788 1609 2819 cessus
1632 2773 1808 2817 ducum
1828 2772 1888 2815 de
1920 2773 2187 2828 Braganca,
2213 2785 2271 2814 eo
2293 2770 2364 2814 di-

1447 2849 1596 2893 vertit
1619 2847 1810 2904 Bmgia,
1835 2853 1884 2890 et
1905 2860 1932 2889 a
1949 2845 2072 2889 duce
2090 2844 2366 2889 Theodosio

1447 2922 1795 2967 humanissime
1835 2926 2083 2976 tractatur,
2118 2930 2225 2974 550,
2256 2917 2364 2976 573,

1447 2997 1551 3041 663.

1389 3073 1600 3127 Villena,
1625 3069 1902 3125 Laurentia,
1924 3069 2006 3124 671
2023 3100 2033 3111 .

1387 3146 1599 3203 Villena,
1631 3142 1843 3188 marchio
1880 3142 1960 3199 de,
2001 3156 2047 3185 v.
2090 3141 2252 3199 Ldpez
2275 3140 2368 3183 Pa·

1446 3221 1615 3276 checo,
1640 3218 1876 3262 Didacus.

1383 3295 1593 3340 Villinus
1635 3292 1839 3347 (Hbfler,
1863 3290 1913 3335 in
1938 3297 2077 3333 textu
2115 3288 2241 3347 apud
2274 3289 2362 3331 Po-

1446 3372 1585 3414 lanco
1603 3368 1853 3423 Felinus),
1873 3362 2169 3415 Leonardus,
2194 3362 2362 3406 doctor

1444 3442 1700 3501 primarius
1738 3438 2014 3484 academiae
2062 3436 2360 3490 viennensis,

1443 3518 1551 3573 585.

1388 3590 1745 3640 VincentelluS,
1792 3587 1839 3631 in
1882 3594 2019 3630 textu
2068 3585 2360 3639 Vicentello,

1450 3665 1693 3723 capitano,
1723 3672 1822 3717 174,
1847 3675 1899 3703 v.
1931 3660 2123 3703 Fiesco.

1393 3739 1571 3794 Vinck,
1596 3738 1649 3781 P.
1677 3735 1936 3790 Antonius,
1967 3733 2021 3777 S.
2054 3733 2122 3791 J.,
2162 3745 2363 3775 mamer—

1447 3811 1535 3857 tini
1558 3809 1753 3867 collegii
1777 3815 1951 3865 rector,
1976 3805 2078 3861 238,
2111 3817 2212 3862 271;
2239 3805 2362 3848 Mes-
