2638 4334
0 889 25 1352 ''''''*²”'*7”*'“*’WN⁴W,
14 859 19 863 .
12 816 21 823 ‹

1137 261 1164 309 7
1199 252 1410 298 Apmus
1447 252 1560 310 1553
2229 260 2311 307 231

331 377 502 448 ciam,
533 378 729 451 paucis
754 378 997 434 scribam
1025 398 1111 446 ea,
1143 396 1256 450 que
1289 378 1569 434 Dominus
1604 398 1705 451 per
1732 399 1835 436 sua
1869 383 2135 440 vilissima
2163 386 2376 443 instru-

336 475 527 533 menta
553 477 663 530 hoc
690 493 886 532 mense
914 474 1120 531 Martio
1157 475 1432 531 Coloniae
1466 476 1687 546 operari
1722 476 1991 548 dignatus
2025 490 2111 536 est
2146 485 2216 536 ad
2251 485 2378 555 glo-

335 572 474 627 riam
502 570 591 626 sui
619 570 958 626 sanctissimi
992 571 1253 627 nominis
1301 573 1364 625 In
1403 571 1597 643 primis
1636 573 1708 628 de
1742 574 2160 632 coloniensibus
2188 598 2374 650 agam,

334 666 434 738 qui
454 686 487 722 a
506 666 751 722 Domino
778 667 1142 739 paternaliter
1169 667 1524 740 castigantur
1550 686 1703 723 nouo
1730 670 1972 739 quodam
1996 689 2205 742 genere
2227 693 2398 730 mor-v

334 763 414 831 bi,
447 763 542 834 qui
568 763 842 836 plurimos
868 764 1086 819 inuadit
1112 772 1170 819 et
1197 763 1479 835 praesenti
1507 764 1626 819 uita
1659 764 1864 835 priuat.
1904 767 2066 820 Faxit
2102 771 2381 827 Dominus

334 857 417 927 vt,
446 868 686 930 paterno
721 879 912 918 amore
946 860 1211 932 correpti,
1249 860 1617 917 emendemus
1645 860 1703 914 in
1741 861 1962 928 meliuS,
2006 873 2067 917 vt
2095 884 2207 919 non
2247 885 2378 922 cum

332 959 442 1012 hoc
470 958 683 1011 mundo
710 958 1044 1012 damnemur
1076 959 1112 1011 ⁴.
1147 957 1312 1012 Multi
1339 957 1411 1011 ad
1439 956 1719 1014 saniorem
1748 967 1997 1012 mentem
2033 961 2288 1028 veniunt,
2320 972 2379 1018 et

330 1070 438 1108 nos
466 1053 729 1110 accersiri
757 1053 956 1111 iubent
982 1052 1292 1110 confitendi
1319 1053 1526 1124 gratia,
1557 1072 1627 1109 ex
1654 1053 1863 1125 quibus
1891 1055 2059 1110 etiam
2089 1056 2259 1126 aliqui
2279 1076 2377 1113 oc-

331 1148 607 1220 togenarij
640 1149 982 1221 generaliter
1007 1148 1434 1218 confessisunt,
1474 1157 1532 1204 et
1571 1158 1768 1220 postea
1807 1150 2012 1205 melius
2051 1154 2378 1208 habuerunt

332 1243 392 1298 in
419 1244 607 1300 anima
632 1254 690 1301 et
709 1263 964 1317 corpore.

441 1340 619 1396 Adfui
646 1341 814 1398 etiam
841 1339 1311 1412 desperatissimis
1337 1341 1682 1408 hominibus,
1715 1342 1813 1412 qui
1839 1360 1940 1414 per
1967 1361 2146 1398 annos
2167 1343 2382 1414 aliquot

331 1454 462 1492 cum
489 1436 735 1504 diabolo,
765 1436 935 1494 etiam
962 1435 1278 1504 visibiliter,
1311 1438 1634 1493 conuersati
1659 1448 1814 1505 sunt,
1845 1439 1942 1509 qui
1970 1457 2126 1510 spem
2167 1442 2379 1495 nullam

330 1532 636 1604 concipere
662 1541 924 1604 poterant
949 1531 1149 1596 veniae
1177 1541 1541 1604 peccatorum
1576 1541 1635 1589 et
1672 1534 1891 1606 gratiae
1917 1534 2045 1591 Dei.
2079 1537 2193 1592 Sed
2221 1544 2379 1606 post-

330 1647 500 1700 quam
527 1628 664 1700 ipsis
689 1630 917 1684 locutus
946 1606 1178 1686 fuissem
1206 1638 1264 1685 et
1290 1629 1536 1684 confessi
1575 1639 1786 1698 essent,
1829 1632 2039 1686 bonam
2081 1650 2237 1702 spem
2277 1650 2379 1687 ve—

328 1724 457 1782 niae
483 1734 870 1798 conceperunt
894 1734 952 1781 et
977 1725 1152 1780 vitam
1180 1745 1251 1782 ex
1279 1735 1398 1780 toto
1426 1725 1782 1798 corrigerunt
1816 1726 1933 1802 [sic]
1960 1727 2020 1782 in
2040 1727 2261 1784 meliuS.

439 1823 657 1878 Omnes
682 1822 830 1879 bene
856 1823 928 1878 de
961 1821 1126 1877 nobis
1159 1821 1429 1877 sentiunt.
1473 1823 1623 1879 Sunt
1658 1832 1847 1880 tamen
1882 1823 2074 1893 aliqui,
2115 1823 2231 1893 qui,
2271 1843 2378 1881 nec

325 1918 510 1974 bullas
536 1926 760 1974 nostras
786 1920 979 1991 legere
1004 1919 1225 1985 volunt,
1257 1927 1357 1975 aut
1382 1917 1521 1990 ipsis
1547 1919 1717 1974 fidem
1752 1919 2042 1986 adhibere,
2062 1924 2212 1974 'cum
2250 1921 2377 1991 qui-

324 2016 434 2071 bus
459 2015 740 2071 Dominus
765 2017 864 2072 dat
889 2015 1217 2088 patientiam
1245 2017 1286 2071 ¹.
1325 2018 1390 2070 In
1428 2034 1490 2071 se
1530 2015 1667 2087 ipsis
1707 2025 1897 2072 tamen
1936 2016 1994 2070 in
2034 2017 2155 2071 dies
2194 2017 2379 2089 magis

325 2113 775 2182 confunduntur,
805 2111 1084 2180 videnteS,
1115 2112 1294 2170 velint
1328 2112 1541 2179 nolint,
1582 2113 1849 2180 fructum,
1893 2131 2060 2183 quem
2098 2114 2379 2169 Dominus

326 2216 612 2279 operatur.

438 2306 622 2360 R,mus
650 2313 845 2362 noster
863 2305 1163 2377 episcopus
1185 2308 1226 2373 ³,
1251 2307 1399 2362 bene
1419 2323 1559 2378 erga
1577 2323 1683 2361 nos
1703 2307 1962 2373 affectUS,
1979 2305 2204 2377 scripsit
2225 2305 2378 2378 (quia

322 2418 592 2472 praesens
617 2420 734 2456 non
759 2402 864 2474 est)
885 2403 957 2457 ad
985 2404 1194 2457 R,mum
1214 2402 1508 2457 dominum
1529 2403 1822 2460 doctorem
1835 2404 2155 2475 Johannem
2178 2403 2373 2473 Grup-

321 2516 540 2568 perum,
572 2508 873 2570 patronum
900 2507 1178 2571 nostrum,
1210 2507 1268 2555 et
1294 2499 1366 2554 ad
1394 2498 1566 2554 alium
1592 2498 1932 2571 magistrum
1959 2506 2215 2554 nostrum
2245 2499 2286 2564 ⁴,
2311 2506 2374 2551 vt

413 2657 426 2683 ¹
490 2667 508 2700 1
531 2656 614 2700 AD
637 2656 766 2702 COR.
793 2667 883 2714 ΧΠ,
906 2654 982 2701 32.

407 2731 425 2757 ²
490 2729 616 2775 Vide
638 2744 802 2789 supra,
826 2730 972 2790 epist.
991 2729 1098 2789 537,
1117 2745 1228 2790 pag.
1258 2730 1359 2775 126.
1778 2789 1782 2792 ,

407 2805 426 2830 ⁵
489 2803 743 2864 Adolphus
766 2819 864 2850 von
886 2804 1259 2864 Schauenburg,
1282 2805 1344 2850 de
1366 2819 1464 2865 quo
1485 2805 1634 2850 etiam
1657 2804 1707 2850 in
1735 2803 1930 2850 laudata
1959 2818 2114 2863 nuper
2144 2802 2371 2862 epistola,

317 2877 403 2924 ubi
425 2892 502 2931 ea,
523 2894 649 2938 quae
668 2886 957 2939 sequuntur,
980 2879 1269 2939 perstrinxit
1291 2880 1571 2926 Kesselius.

409 2954 429 2981 ⁴
490 2953 592 3012 Sic,
621 2953 1050 3014 quemadmodum,
1083 2954 1252 3014 paucis
1282 2954 1574 3014 interjectis,
1597 2954 1777 2999 dicitur
1807 2953 1973 2999 statim
2010 2954 2255 3012 magister
2283 2966 2369 2996 no-

317 3031 435 3083 ster,
462 3029 661 3074 tametsi
682 3043 780 3074 non
800 3028 863 3074 de
886 3029 1083 3074 homine
1101 3029 1382 3087 Societatis,
1407 3036 1491 3075 aut
1507 3029 1568 3074 de
1587 3042 1646 3074 eo
1662 3029 1747 3088 qui
1763 3027 2025 3073 Societatis
2043 3028 2262 3071 alumnos
2284 3026 2366 3070 do-

317 3107 445 3157 ceat,
470 3101 558 3147 sed
578 3101 640 3147 de
662 3101 794 3147 illius
816 3101 1097 3148 adversario
1119 3116 1281 3147 sermo
1313 3102 1394 3148 sit.
1418 3102 1633 3159 Etenim,
1658 3108 1711 3147 ut
1741 3101 2134 3146 animadversum
2159 3099 2260 3157 jam
2289 3106 2365 3143 est

315 3174 367 3221 in
393 3175 577 3221 Cartas
592 3192 624 3235 y
646 3180 780 3222 οἰνος
801 3179 1003 3223 escritos
1023 3177 1104 3222 del
1126 3179 1189 3222 Β.
1214 3178 1282 3222 Ρ.
1313 3178 1481 3223 Pedro
1502 3177 1683 3230 Fabro,
1707 3182 1744 3221 t.
1775 3188 1809 3233 1,
1834 3190 1948 3235 pag.
1985 3173 2085 3227 103,
2117 3179 2282 3217 annot.
2317 3171 2363 3231 3,

314 3265 407 3296 «en
423 3251 494 3296 las
515 3251 745 3310 regiones
767 3251 1235 3311 septentrionales...
1259 3254 1287 3296 a
1307 3253 1382 3315 los
1404 3252 1646 3296 Doctores
1668 3252 1890 3308 teologos
1913 3264 1965 3294 se
1989 3250 2060 3293 les
2078 3248 2284 3293 llamaba
2302 3261 2364 3291 en

311 3326 456 3385 aquel
478 3325 663 3386 tiempo
685 3325 931 3387 Magistri
950 3327 1162 3382 nostri;»
1185 3332 1236 3371 et
1256 3327 1347 3371 hac
1369 3325 1431 3371 de
1453 3340 1601 3371 causa
1623 3325 1886 3384 scripserat
1906 3324 2039 3381 olim,
2061 3321 2113 3366 31
2151 3320 2364 3379 Augusti

314 3410 445 3457 1552,
469 3399 600 3445 idem
632 3400 888 3446 Kesselius
926 3400 1134 3459 Ignatio:
1177 3400 1375 3460 «Aliqui
1411 3400 1755 3458 magistrorum
1791 3405 2066 3444 nostrorum
2104 3394 2361 3440 admodum

309 3487 457 3531 aegre
478 3488 569 3519 nos
585 3474 767 3533 ferunt,
784 3490 991 3535 quorum
1008 3490 1134 3520 unus
1151 3475 1202 3520 in
1219 3475 1431 3534 publicis
1448 3474 1766 3519 concionibus
1788 3472 1908 3530 suis,
1927 3477 2160 3531 quantum
2179 3475 2361 3528 potest,

309 3548 602 3594 contradicit
622 3549 785 3608 nobis,
808 3551 871 3595 ab
890 3550 998 3595 aliis
1021 3551 1147 3594 male
1170 3549 1477 3604 informatus3
1503 3554 1554 3593 et
1574 3548 1644 3593 ita
1665 3548 1888 3593 inhaeret
1909 3560 2026 3591 suae
2049 3542 2284 3603 opinioni,
2309 3550 2361 3586 ut

309 3621 543 3681 quicquid
562 3623 859 3669 contrarium
881 3623 1064 3680 audiat,
1089 3638 1188 3669 non
1209 3623 1426 3668 credat.»
1454 3622 1572 3667 Litt.
1599 3623 1822 3679 Quadr„
1848 3627 1884 3665 t.
1909 3631 1960 3672 11,
1986 3631 2098 3678 pag.
2121 3616 2363 3662 6.—Cae-

309 3703 487 3752 terum,
509 3697 595 3755 qui
614 3698 707 3742 hoc
728 3696 780 3742 in
800 3699 906 3742 loco
921 3698 1208 3756 designatur
1225 3712 1254 3742 a
1271 3696 1517 3755 Kesselio,
1536 3702 1613 3741 est
1633 3695 1769 3740 curio
1793 3695 1927 3740 Stae.
1948 3692 2234 3738 Columbae:
2256 3689 2366 3747 ejus

215 3813 229 3826 .
311 3784 431 3816 vero
453 3783 631 3816 nomen
652 3770 714 3816 de
737 3770 976 3817 industria
997 3786 1026 3816 a
1046 3771 1227 3817 nostris
1250 3770 1571 3831 scriptoribus
1594 3776 1804 3814 tacetur.
