2638 4334
950 382 1007 432 23
1039 386 1290 445 JANuARn
1325 381 1438 442 1553
2097 384 2154 444 89

175 517 344 572 molte
372 524 520 573 terra
544 516 735 571 hauho
760 514 1074 587 spopulate.
1107 514 1178 568 D’
1209 511 1347 584 ogni
1374 519 1533 583 parte
1558 511 1688 566 dell’
1719 512 1858 567 isola
1884 513 2068 585 questi
2090 523 2212 568 tur-

176 614 268 670 chi
295 616 485 669 hanno
518 612 684 667 luoco
710 611 769 666 di
805 610 1019 678 uenire,
1065 618 1123 666 et
1161 607 1319 664 molti
1358 609 1431 663 ne
1470 626 1741 663 amazono
1782 618 1837 665 et
1878 609 2002 664 altri
2043 611 2213 666 fanno

175 709 390 766 cattiui.
423 711 495 765 Et
519 708 614 780 poi
641 727 783 764 sono
811 717 984 782 gente
1010 706 1218 774 sobrie,
1249 704 1410 777 quasi
1435 706 1611 759 fanno
1639 723 1858 776 sempre
1883 707 1937 760 la
1971 708 2212 776 quadra-

177 805 393 879 gesima
419 815 477 863 et
502 805 662 861 molti*
693 805 933 878 digiuni:
977 803 1259 876 l'aggiuta
1298 803 1351 858 la
1387 802 1605 875 grande
1644 805 1899 873 pouerta,
1943 812 1999 859 et
2038 804 2213 858 molto

174 907 231 958 n'
261 921 462 958 amano
489 904 581 959 nel
609 910 803 958 nostro
829 901 1056 974 Signor.
1082 900 1246 956 Dalla
1275 899 1486 966 Bastia,
1517 898 1610 954 alli
1633 914 1701 954 22
1724 898 1781 952 di
1802 899 2022 954 Genaio
2053 913 2208 969 1553.

173 1002 239 1056 D.
272 1002 344 1057 V.
378 1002 443 1056 P.
477 1002 546 1056 R.
572 1017 742 1057 seruo
767 998 1083 1054 humillimo
1108 999 1203 1053 nel
1228 1006 1424 1053 nostro
1453 996 1684 1072 Signor,

910 1127 915 1131 -
994 1097 1056 1153 S.
1100 1097 1378 1152 LANmNo
1418 1113 1498 1152 DA
1537 1096 1839 1153 SARZANA.

283 1195 607 1268 Inscriptio:
634 1194 672 1269 †
699 1195 775 1251 Al
800 1194 975 1268 padre
1001 1196 1078 1252 M.
1106 1192 1349 1267 IgnatiO.

1026 1496 1030 1500 ·
1119 1483 1266 1535 519

861 1611 1164 1671 JOANNES
1196 1611 1285 1657 DE
1319 1609 1539 1659 CORTE

635 1734 869 1788 PATRI
909 1732 1238 1788 IGNATIO
1279 1733 1383 1787 DE
1420 1731 1748 1788 LOYOLA

807 1878 999 1914 BAs‘rxA
1031 1866 1088 1912 23
1118 1878 1363 1923 JANUARH
1398 1865 1512 1923 1553
1547 1869 1579 1913 ¹.

169 1986 386 2047 Epistola
428 1987 704 2047 insignibus
746 1988 924 2034 amoris
966 1994 1017 2034 et
1053 1987 1347 2034 christianae
1384 1987 1674 2033 humilitatis
1711 1986 1840 2031 notis
1877 2000 2215 2044 conspersa.—

259 2060 424 2122 Opera
445 2078 473 2108 a
494 2064 601 2108 Deo
621 2077 709 2123 per
729 2063 890 2110 socios
910 2070 1020 2110 acta
1039 2063 1243 2110 mirifice
1273 2062 1732 2109 extollit.-Ut⁹eos
1758 2061 1980 2120 Ignatius
2007 2074 2218 2106 commo-

259 2135 354 2182 rari
374 2136 458 2183 diu
481 2136 531 2183 in
552 2137 753 2184 Corsica
774 2122 1030 2198 concedat,
1053 2140 1374 2184 vehementer
1395 2137 1573 2198 poscit.

1182 2243 1220 2317 †

302 2366 457 2420 R.me
499 2364 728 2423 domine
754 2407 766 2433 ‚
830 2383 1030 2438 pacem
1087 2374 1146 2420 et
1205 2366 1446 2422 salutem
1505 2365 1565 2420 in
1622 2364 1870 2421 Domino
1924 2365 2221 2436 sempiter-

173 2481 326 2530 nam,
358 2471 469 2519 etc,
502 2463 569 2517 El
599 2462 712 2518 mio
741 2483 773 2519 a
800 2471 992 2519 vostra
1018 2466 1173 2519 R.ma
1216 2463 1471 2535 signoria
1496 2463 1713 2520 scriuer
1737 2464 1791 2517 la
1810 2471 2076 2534 presente
2097 2465 2221 2518 sera

170 2578 204 2613 a
230 2559 550 2617 notificarui
578 2578 741 2615 como
767 2579 869 2632 per
894 2562 949 2616 la
977 2560 1161 2633 gratia
1188 2562 1260 2615 de
1286 2560 1397 2616 Dio
1432 2562 1485 2617 al
1519 2569 1784 2633 presente
1817 2568 1906 2614 sto
1946 2560 2093 2616 bene
2133 2560 2220 2614 col

169 2655 565 2712 ardentissimo
598 2657 880 2714 desiderio
916 2677 1082 2730 saper
1115 2659 1264 2716 bene
1299 2659 1372 2712 de
1411 2667 1604 2713 vostra
1643 2660 1797 2713 ΚΛΜ
1833 2657 2103 2730 signoria.
2150 2659 2220 2711 Et

169 2754 302 2808 dato
328 2755 435 2808 che
460 2754 531 2809 de
559 2756 632 2810 V.
665 2756 726 2811 S.
759 2755 914 2810 R.ma
948 2754 1003 2810 io
1030 2773 1143 2810 non
1173 2754 1301 2810 abia
1327 2756 1533 2810 alcuna
1569 2754 1808 2810 familiar
1839 2754 2106 2826 practica,
2148 2774 2220 2810 ne

173 2851 296 2904 cola
322 2849 503 2906 visiva
531 2851 813 2922 presentia
841 2851 1213 2920 colocotione,
1245 2871 1362 2908 non
1388 2852 1447 2906 di
1472 2870 1676 2908 manco
1702 2871 1802 2923 per
1828 2853 1882 2906 13
1902 2852 2051 2906 bona
2073 2852 2219 2906 fama

173 2950 279 3003 che
305 2948 378 3005 de
406 2949 478 3004 V.
512 2949 573 3006 S.
606 2951 761 3005 R‚ma
796 2951 829 3004 e
856 2950 909 3004 al
935 2950 1166 3018 mondO,
1197 2950 1270 3004 de
1290 2951 1525 3005 volunta
1549 2949 1609 3025 [ἓ]
1630 2968 1734 3004 son
1756 2958 2042 3005 constreto
2064 2968 2096 3003 a
2115 2950 2218 3002 do·-

176 3045 337 3100 verui
358 3047 431 3101 da
450 3044 708 3117 spiritual
729 3056 887 3118 patre
907 3048 980 3103 de
1000 3047 1115 3102 bon
1135 3065 1267 3104 core
1287 3047 1524 3114 amarui,
1549 3047 1843 3119 pregando
1866 3048 1936 3102 V.
1971 3048 2124 3100 R.ma
2153 3047 2213 3101 S.

177 3144 458 3214 degnarse
484 3145 656 3215 vogla
682 3144 946 3200 acetarmi
978 3145 1068 3199 col
1101 3162 1341 3199 numero
1368 3145 1439 3200 de
1464 3145 1505 3199 11
1531 3144 1657 3199 suoi
1683 3143 1885 3215 figuoli
1920 3142 2214 3214 spirituali,

175 3241 375 3296 saltem
423 3241 531 3295 coli
577 3239 793 3295 minimi
838 3242 909 3296 de
955 3241 1107 3316 serui
1153 3241 1387 3296 minimi.
1440 3243 1658 3314 Impero
1693 3242 1746 3296 13
1779 3243 1929 3295 bona
1965 3241 2111 3294 fama
2146 3240 2216 3293 de

176 3339 246 3393 V.
301 3340 455 3392 Rma
490 3339 576 3407 S.,
620 3338 659 3393 li
697 3338 946 3395 evidenti
986 3338 1151 3411 segni
1192 3340 1323 3394 fano
1351 3357 1638 3411 cognosce
1667 3339 1799 3409 quel
1827 3340 1932 3392 che
1960 3338 2029 3391 de
2053 3338 2123 3391 V.
2149 3337 2209 3391 S.

174 3437 327 3490 R.111a
363 3453 424 3490 se
451 3436 629 3507 parla,
661 3436 881 3491 avendo
908 3437 1174 3491 mandato
1201 3455 1314 3507 qua
1340 3436 1397 3491 in
1427 3445 1644 3507 questa·
1662 3454 1870 3507 povera
1904 3432 2083 3506 patria
2117 3432 2214 3486 dui

173 3532 245 3588 de
270 3531 310 3585 li
337 3531 513 3587 vostri
538 3531 656 3587 deti
683 3532 902 3604 figuoli‚
934 3532 973 3587 li
1001 3532 1154 3603 quali
1180 3550 1249 3588 00
1275 3534 1394 3588 loro
1421 3533 1689 3605 prediche
1717 3553 1748 3589 e
1769 3531 1902 3586 boni
1923 3530 2215 3585 amaistra—

268 3714 281 3740 ¹
345 3712 417 3755 Ex
440 3714 738 3772 autographo
761 3713 811 3759 in
834 3714 930 3758 vol.
957 3715 1020 3770 D,
1043 3713 1226 3773 duplici
1249 3713 1385 3772 folio,
1410 3729 1463 3759 n.
1494 3725 1598 3771 204,
1622 3713 1754 3773 prius
1789 3712 2008 3769 198.—In
2042 3725 2215 3755 coeno-

176 3786 311 3830 bium
332 3785 535 3832 fratrum
556 3786 967 3834 franciscanorum
990 3789 1238 3856 Landinus
1256 3804 1309 3834 se
1339 3796 1609 3848 receperat,
1636 3786 2042 3849 quemadmodum
2073 3800 2214 3844 supra

178 3860 409 3918 diximus,
431 3861 580 3920 epist.
612 3872 713 3919 515:
738 3865 828 3908 hac
849 3864 910 3909 de
933 3878 1079 3909 causa
1107 3863 1298 3909 illorum
1315 3862 1651 3922 religiosorum
1676 3863 1725 3907 in
1747 3861 1946 3908 Corsica
1976 3859 2212 3913 minister,

180 3935 241 3981 de
266 3934 488 3993 Landini,
510 3949 671 3982 coram
693 3937 788 3983 sibi
810 3945 944 3998 noto,
968 3939 1302 3985 testimonium
1326 3940 1523 3999 plenum
1545 3938 1700 3984 laudis
1724 3936 1914 3997 Ignatio
1937 3934 2121 3981 scribit.
