2638 4334
453 330 543 390 370
1071 331 1368 378 Emsroun
1398 330 1755 387 Manu-625

392 459 475 516 sie
500 458 559 515 in
587 466 746 515 tanta
771 457 950 526 roina,
980 466 1191 532 quante
1218 456 1375 513 molti
1403 454 1658 512 cittadini
1687 453 2000 528 principali.
2030 455 2199 513 Disse
2223 457 2332 513 che
2356 459 2435 516 ne

391 536 554 612 uolea
579 554 787 611 auisar'
815 555 869 610 al
896 553 1201 628 magnifico
1227 553 1433 609 uffici0.
1456 537 1503 609 [ἶ
1523 551 1825 624 oppenion’
1849 567 1963 606 non
1984 550 2031 605 si
2053 550 2190 608 faria
2210 552 2426 611 niente.

359 658 361 661 ⁴
388 652 592 708 Hauea
617 651 752 707 dato
776 650 974 708 ordine
998 650 1055 706 di
1081 649 1324 706 collittar
1349 648 1480 704 delli
1509 647 1727 705 tendite
1756 666 1856 719 per
1881 646 1991 714 cio,
2022 665 2115 703 ma
2135 665 2250 703 non
2275 649 2323 704 si
2345 650 2421 706 fa.

499 748 581 805 La
605 746 908 804 settimana
931 754 1159 819 passata
1186 743 1372 801 uisitai
1393 743 1431 798 il
1454 746 1520 800 P.
1549 743 1845 812 Emanuel,
1876 743 2009 814 qual
2030 743 2086 798 fa
2105 762 2249 816 gran
2270 746 2428 802 fruto

384 843 517 901 nelli
536 842 747 917 popoli,
771 861 863 899 ma
883 841 1055 915 quelli
1075 844 1183 899 che
1202 840 1479 896 douriano
1501 842 1753 912 regger’,
1778 839 1815 894 li
1837 838 2260 908 contradiconO,
2290 850 2350 898 et
2376 841 2424 898 si

383 940 553 996 duole
578 939 636 995 di
664 939 855 1011 quello
880 939 929 995 s'
957 939 990 995 e
1024 938 1222 994 scritto
1255 936 1314 992 in
1348 936 1737 993 commendar'
1775 935 1963 1007 quella
1996 953 2128 991 cosa
2164 938 2271 994 che
2308 956 2425 994 non

382 1053 708 1109 pei-seuera,
738 1036 811 1091 ne
838 1034 935 1107 piu
962 1034 1009 1091 si
1039 1035 1175 1090 fara.
1209 1035 1302 1089 Ha
1327 1051 1494 1106 preso
1521 1033 1574 1088 la
1601 1049 1739 1088 cura
1764 1031 1821 1087 di
1849 1031 2101 1088 scriuere
2133 1033 2187 1089 la
2223 1034 2428 1092 lettera

382 1132 651 1205 generale
676 1130 734 1186 di
761 1146 797 1200 4
831 1130 1021 1188 messi.
1060 1131 1191 1186 Non
1224 1129 1271 1185 si
1305 1129 1420 1202 puo
1453 1128 1558 1184 dir’
1603 1137 1817 1200 quanto
1860 1127 1898 1182 il
1938 1131 2135 1200 pouer'
2180 1128 2430 1202 giouane

380 1229 435 1283 d’
461 1230 555 1284 eta
581 1227 791 1301 patisse
825 1244 925 1299 per
959 1228 1142 1284 salute
1177 1227 1308 1282 dell'
1354 1225 1558 1283 anime.
1608 1224 1777 1281 Assai
1822 1225 2059 1280 uecchio
2100 1225 2158 1280 in
2200 1227 2425 1283 consol-

382 1327 486 1382 tar'
541 1325 595 1380 31
641 1325 787 1382 bene
814 1366 827 1391 ,
876 1322 1127 1396 giouano
1172 1341 1205 1379 a
1250 1324 1311 1380 S.
1363 1323 1431 1378 R.
1488 1323 1541 1379 13
1586 1323 1786 1379 lettere
1838 1321 1917 1376 dil
1968 1321 2083 1377 mio
2134 1321 2430 1379 carissimo

381 1422 448 1477 P.
481 1422 559 1478 Μ.
594 1421 865 1487 Polanoe,
889 1428 947 1475 et
967 1417 1313 1475 amatissimo
1335 1418 1554 1475 fratello
1576 1419 1654 1474 M.
1687 1417 2024 1475 Sebastiano
2051 1420 2086 1473 ¹.
2114 1419 2156 1473 11
2177 1418 2424 1491 Signore

380 1517 419 1572 li
447 1516 730 1573 rimunera
755 1515 813 1571 di
844 1524 997 1571 tanta
1026 1514 1259 1571 charita.
1300 1513 1750 1572 Desideriarnrno
1776 1515 1829 1570 le
1856 1516 2047 1570 buone
2084 1534 2234 1571 noue
2274 1516 2425 1572 della

380 1613 753 1686 Compagnia.
780 1614 860 1670 Le
880 1620 1074 1668 nostre
1100 1630 1242 1667 sono
1261 1612 1369 1669 che
1389 1612 1746 1667 s’hauemmo
1772 1610 1970 1667 scritto
1996 1610 2034 1666 il
2055 1613 2233 1668 frutto
2253 1630 2421 1684 gran·

381 1711 453 1766 de
478 1710 626 1767 della
649 1709 859 1777 Bastia,
890 1708 945 1765 io
970 1708 1100 1764 dico
1125 1710 1218 1764 ch’
1241 1708 1273 1763 ἑ
1300 1707 1632 1763 adombrato
1658 1709 1718 1779 (Ρ)
1746 1709 2178 1781 grandemente‚
2211 1727 2245 1764 a
2263 1726 2423 1764 com-

384 1805 673 1879 paratione
698 1806 830 1862 delli
856 1804 1222 1862 circonstanti
1250 1803 1462 1877 popoli.
1495 1806 1627 1860 Non
1654 1821 1720 1860 ce
1748 1812 1900 1861 resta
1925 1804 2113 1861 anima
2139 1807 2247 1862 che
2274 1824 2350 1860 no
2375 1805 2423 1861 si

382 1903 642 1959 consensa
661 1913 719 1959 et
738 1902 1036 1958 comunica
1062 1900 1199 1974 ogni
1226 1898 1544 1969 domenica,
1569 1908 1627 1957 et
1655 1909 1802 1956 tutte
1829 1902 1883 1957 13
1911 1901 2075 1968 feste;
2105 1901 2244 1974 ogni
2270 1919 2425 1958 serra

383 1999 431 2056 si
457 2009 545 2055 sta
564 1999 711 2055 nelle
738 1997 949 2054 chiesia
975 1997 1161 2053 insino
1186 2016 1220 2053 a
1245 2015 1361 2052 una
1387 1998 1524 2052 hora
1550 2004 1610 2052 et
1630 2014 1826 2061 mezzo
1851 1996 1908 2052 di
1936 2005 2115 2064 notte,
2147 2015 2182 2052 a
2206 2001 2424 2055 cantar'
2512 1985 2517 1988 ⁶

382 2097 455 2151 da
484 2104 630 2152 tutto
658 2095 695 2150 il
716 2096 919 2168 popolo
944 2095 998 2151 13
1017 2112 1226 2150 corona
1245 2093 1393 2151 della
1412 2094 1719 2160 Madonna,
1742 2102 1800 2149 et
1827 2094 1880 2149 la
1900 2093 2128 2166 predica
2153 2093 2212 2149 di
2238 2094 2423 2150 conti-

384 2210 500 2262 nuo
523 2201 582 2248 et
609 2200 692 2248 tre
722 2192 874 2248 uolte
900 2192 1006 2247 alle
1035 2190 1197 2258 feste,
1228 2197 1287 2246 et
1312 2189 1372 2245 in
1399 2198 1602 2261 questo
1628 2207 1743 2245 non
1771 2189 2009 2262 patisco,
2040 2191 2251 2263 perche
2279 2191 2428 2247 facio

381 2290 530 2344 com'
564 2287 815 2359 lettione‚
848 2287 944 2359 piu
971 2295 1172 2360 questo
1197 2285 1276 2341 mi
1300 2287 1490 2342 danno
1515 2303 1662 2358 gran
1687 2285 1912 2353 diletto‚
1941 2295 2000 2343 et
2027 2288 2270 2346 domane
2295 2290 2424 2362 leg-

383 2386 523 2458 ‘gero
562 2385 616 2440 la
642 2384 879 2456 epistola
905 2382 998 2438 alli
1026 2382 1285 2450 Romani,
1317 2383 1524 2455 perche
1551 2382 1739 2453 questi
1772 2384 1827 2438 la
1854 2383 2190 2441 desiderano
2218 2386 2419 2454 molt0‚

383 2481 803 2555 perseuerando
831 2479 969 2553 ogni
995 2478 1055 2535 di
1084 2480 1124 2535 ².
1165 2481 1298 2535 Non
1324 2477 1374 2535 si
1401 2479 1514 2551 puo
1548 2479 1782 2536 scriuer'
1814 2480 1851 2534 il
1886 2498 2030 2553 gran
2057 2481 2339 2538 desiderio
2365 2492 2425 2539 et

384 2586 531 2635 sette
550 2595 645 2632 era
666 2577 799 2633 nelli
819 2575 980 2632 cuori
1000 2575 1057 2630 di
1078 2575 1266 2648 questi
1288 2575 1466 2632 nostri
1491 2575 1658 2631 amici
1679 2576 1829 2633 della
1858 2577 2050 2633 Bastia
2075 2579 2304 2649 quando
2329 2598 2426 2636 era

385 2674 443 2729 in
480 2672 644 2729 uisita
680 2692 779 2745 per
813 2673 851 2727 l’
882 2673 1022 2728 altre
1050 2682 1219 2739 terre,
1257 2672 1469 2745 perche
1503 2672 1642 2745 ogni
1677 2673 1734 2727 di
1770 2672 2056 2729 ueniuano
2081 2674 2335 2730 huomini
2369 2685 2427 2732 et

383 2771 592 2839 donne,
623 2769 825 2842 grandi
851 2778 909 2825 et
935 2768 1136 2841 piccoli
1163 2788 1197 2824 a
1223 2767 1520 2825 ricercarci
1545 2777 1604 2825 et
1624 2769 1884 2842 pregaroi
1911 2771 2019 2827 che
2039 2770 2428 2827 ritornassimo

363 2849 519 2924 'eosi.
546 2866 746 2939 Hoggi
765 2866 941 2923 siamo
962 2865 1225 2922 collocati
1244 2866 1303 2921 in
1323 2883 1439 2921 una
1459 2865 1606 2921 assai
1638 2867 1935 2923 comodata
1969 2884 2096 2922 casa
2135 2868 2282 2924 nella
2313 2870 2426 2925 Ba-

385 2964 513 3030 stia,
543 2964 737 3035 quala
763 2980 928 3035 preso
955 2963 1029 3018 da
1054 2981 1155 3035 per
1180 2963 1241 3019 se
1268 2962 1308 3017 il
1334 2961 1374 3017 il
1400 2969 1598 3019 nostro
1624 2961 1913 3018 carissimo
1940 2965 2016 3019 M.
2041 2963 2173 3020 Gio:
2199 2966 2444 3044 Natale„

383 3070 442 3116 et
467 3059 546 3115 lui
573 3060 694 3116 solo
723 3060 850 3115 uole
876 3078 976 3131 per
1001 3061 1177 3115 amor'
1206 3059 1279 3115 de
1303 3057 1415 3127 Dio
1442 3060 1639 3131 pagar'
1669 3057 1708 3113 il
1733 3059 1859 3114 fitto
1892 3068 1950 3116 et
1984 3061 2316 3131 prouederci
2343 3061 2423 3117 dil

387 3157 530 3212 uitto
555 3157 852 3213 domentre
878 3158 985 3213 che
1011 3155 1107 3212 noi
1133 3163 1440 3213 staremmo
1473 3155 1623 3211 nella
1658 3155 1878 3222 Bastia,
1916 3165 1975 3212 et
2008 3158 2288 3215 entrando
2326 3158 2420 3214 noi

386 3255 440 3309 in
469 3271 619 3320 casa,
650 3254 829 3325 prego
854 3252 892 3307 il
919 3254 990 3308 N.
1018 3254 1080 3311 S.
1112 3254 1219 3308 che
1244 3260 1446 3325 questa
1473 3269 1605 3307 casa
1631 3251 1804 3319 fosse,
1835 3261 1892 3309 et
1917 3253 1997 3308 lui
2026 3271 2197 3311 causa
2224 3254 2281 3309 di
2304 3255 2425 3314 fare

385 3362 500 3406 uno
516 3348 810 3423 ·colleggio
836 3348 893 3403 in
922 3356 1122 3419 questa
1147 3356 1316 3416 terra,
1345 3364 1507 3405 come
1534 3347 1582 3403 si
1618 3347 1741 3405 fece
1768 3348 1840 3404 da
1875 3350 2063 3420 quelle
2096 3358 2258 3407 sante
2292 3369 2423 3423 per-

383 3465 520 3503 sone
546 3446 603 3501 di
634 3446 894 3503 Modena.
929 3446 1137 3513 Amen,
1168 3462 1334 3500 amen
1355 3445 1398 3499 ⁸.

496 3538 615 3592 Ben
643 3534 690 3590 si
717 3534 872 3606 parla
897 3534 1139 3591 dalcune
1163 3533 1359 3590 buone
1386 3550 1625 3604 persone
1652 3550 1766 3604 qua
1792 3534 1848 3590 di
1880 3536 1982 3591 far'
2013 3535 2319 3610 colleggio;
2351 3536 2426 3593 ne

476 3696 487 3722 ¹
554 3691 872 3738 Sebastianus
895 3690 1089 3737 Romei.

471 3768 489 3795 ²
551 3765 817 3826 Usurpavit
838 3766 956 3811 haec
980 3766 1254 3822 POLANCU,
1274 3770 1315 3811 t.
1346 3774 1419 3824 m,
1440 3777 1552 3825 pag.
1581 3773 1683 3823 105,
1706 3779 1757 3811 n.
1795 3775 1894 3823 197.

473 3843 491 3868 ³
553 3839 678 3886 Vide
701 3840 848 3901 epist.
878 3840 983 3887 606.
