2638 4334
449 303 466 337 1
475 306 502 336 Ο
1212 300 1284 335 ΑΙ)
1316 297 1599 334 LECTOREM

378 427 539 472 turos
567 415 795 473 aiebant
829 414 1133 486 quominus
1165 414 1284 487 ipse
1317 414 1633 469 discederet
1668 414 1758 483 (29
1793 410 1986 479 Nov.):
2025 407 2192 463 novis
2225 406 2430 465 litteris

377 512 754 568 communitas
788 511 1072 584 Ignatium
1117 521 1284 582 urget
1319 512 1410 582 (29
1444 509 1635 578 Νον.);
1674 515 1845 577 atque
1879 504 2084 560 acriter
2119 503 2425 560 cardinali-

379 611 485 663 bus
511 607 845 681 praepositis
870 626 1065 664 sacrae
1094 610 1339 663 tuendae
1368 606 1496 661 fidei
1522 607 1619 659 dat
1646 603 1882 670 litteraS‚
1924 600 2132 671 quibus
2166 599 2420 670 omniun,

378 723 545 775 quem
580 704 659 759 illi
694 714 1010 760 statuerant
1045 704 1356 769 curionem,
1387 710 1719 758 aversantur
1754 699 1971 770 (eodem
1998 695 2092 753 die
2126 713 2198 771 29
2223 698 2418 770 Nov.).

487 802 601 858 Sed
628 800 685 855 in
713 800 929 856 Italiam
959 801 1272 855 redeamus,
1316 801 1604 869 Rogarant
1633 793 1914 866 Ignatium
1953 792 2324 851 ariminenses
2358 803 2422 848 ut

376 897 619 969 aliquem
658 916 691 954 e
730 897 849 952 suis
886 896 1053 952 sociis
1092 898 1162 952 ad
1203 914 1305 951 eos
1340 895 1561 950 mittere
1602 911 1673 947 ne
1712 890 2122 962 dedignaretur
2157 891 2212 963 (6
2253 892 2419 959 Feb.,

385 1010 447 1064 13
475 994 662 1065 Apr.),
693 993 864 1064 idque
898 993 1116 1051 iteratis
1152 992 1414 1063 precibus
1449 988 1838 1060 efflagitabant
1874 990 1965 1057 (17
2001 987 2205 1058 Aug.):
2247 989 2421 1060 Igna—

377 1090 509 1157 tiuS,
540 1090 672 1160 quia
699 1108 813 1144 non
848 1090 1048 1161 procul
1081 1091 1153 1143 ab
1194 1088 1327 1160 ipsis
1371 1091 1432 1142 P.
1467 1087 1649 1142 Olave
1692 1094 1828 1139 tunc
1864 1092 2006 1149 erat,
2046 1085 2203 1139 hunc
2232 1082 2423 1157 ipsum

377 1185 566 1241 mittit:
610 1186 768 1243 venit
815 1185 862 1240 is
899 1187 1258 1246 Arjminum:
1297 1201 1516 1238 summa
1558 1179 1812 1236 omnium
1853 1179 2069 1234 laetitia
2116 1178 2418 1251 excipitur:

374 1282 746 1337 concionibus
778 1293 837 1337 et
863 1282 1120 1353 exemplo
1157 1281 1305 1336 vitae
1340 1278 1708 1335 ariminenses
1735 1275 2018 1332 accendit:
2058 1276 2421 1348 gymnasium
2494 1341 2502 1346 ὁ

374 1378 676 1436 Societatis
703 1379 1021 1450 postulatur
1048 1382 1158 1450 (10,
1198 1394 1282 1444 11,
1322 1393 1383 1432 12
1413 1375 1608 1447 Sept).

328 1535 344 1551 ·
486 1476 839 1530 Patavinum
868 1475 1171 1546 collegium
1199 1492 1364 1529 suurn
1394 1491 1622 1528 cursum
1652 1470 1902 1528 tenebat.
1935 1470 2133 1526 Voluit
2160 1470 2419 1543 Ignatius

377 1579 439 1624 ut
458 1571 583 1641 ejus
614 1581 819 1640 rector,
852 1571 1105 1643 Elpidius
1133 1568 1411 1641 Ugoletti,
1444 1570 1785 1624 Cremonam
1826 1566 2028 1634 adiret,
2071 1566 2227 1639 pium
2267 1569 2418 1624 sola-

372 1666 512 1721 tium
535 1668 807 1725 afferendi
841 1686 1012 1723 causa
1046 1669 1294 1741 Jacobae
1331 1663 1693 1731 Pallavicina,
1724 1663 1900 1718 nobili
1926 1672 2241 1732 matronae,
2272 1683 2419 1735 quae

371 1764 601 1835 negotia
628 1765 903 1835 quaedam
931 1764 1263 1835 explicanda
1288 1763 1551 1827 habebat,
1582 1770 1640 1816 et
1667 1760 2004 1832 importunis
2022 1759 2289 1832 precibus
2316 1778 2420 1818 co-

371 1861 612 1915 nabatur
636 1879 700 1918 se
724 1859 784 1915 in
812 1860 1111 1917 Societatis
1138 1859 1516 1915 obedientiam
1540 1857 1760 1914 admitti
1784 1860 1834 1929 (2
1855 1859 1991 1931 Jun.
2006 1899 2019 1924 ,
2046 1874 2100 1927 3,
2127 1871 2181 1927 7,
2205 1859 2414 1931 9Jul.).

482 1957 777 2011 Bononiae
811 1974 957 2027 quae
991 1976 1023 2011 a
1060 1956 1406 2011 nostratibus
1441 1963 1771 2026 agerentur,
1811 1973 1878 2010 ea
1911 1962 2132 2025 septem
2166 1953 2421 2026 epistolis

369 2052 414 2106 F
418 2052 707 2108 ranciscus
734 2053 986 2108 Palmius
1014 2054 1204 2108 refert.
1237 2054 1325 2109 De
1351 2050 1619 2122 collegi0,
1651 2052 1724 2105 de
1750 2049 2060 2123 magistris,
2091 2051 2164 2106 de
2189 2052 2384 2107 schola
2401 2084 2418 2093 -

300 2139 303 2142 ⁴
369 2146 638 2204 sticorum
661 2166 897 2206 numero
917 2158 974 2204 et
995 2150 1252 2221 profectu
1265 2149 1520 2219 jucunda
1540 2150 1709 2204 docet
1731 2149 1822 2219 (10
1844 2148 2056 2219 Mart.);
2082 2148 2275 2219 plures
2294 2148 2411 2220 pia—

367 2245 543 2300 culari
570 2245 927 2301 confessione
954 2246 1269 2317 expiantur:
1302 2245 1602 2312 calumnia,
1626 2225 1902 2300 adversus
1927 2244 2233 2318 collegium
2259 2245 2414 2307 exci-

369 2349 505 2409 tata,
535 2341 834 2412 depellitur
862 2344 907 2414 (1
942 2344 1125 2414 Apr.).
1157 2345 1245 2398 De
1273 2343 1542 2398 mutanda
1568 2351 1893 2397 nostrorum
1912 2342 2051 2399 sede
2076 2340 2136 2396 in
2161 2359 2415 2397 commo-

367 2436 582 2494 diorem
611 2438 902 2510 regionem
930 2439 1085 2494 urbis
1119 2440 1462 2495 deliberatur
1498 2444 1609 2511 (13,
1661 2456 1745 2512 19,
1786 2452 1854 2509 25
1898 2438 2080 2512 Maj.):
2119 2438 2269 2497 inter
2305 2439 2414 2494 alia

366 2551 498 2589 cum
526 2534 794 2606 proximis
814 2545 959 2604 acta,
991 2537 1296 2593 hebraeum
1331 2538 1632 2607 quemdam
1668 2538 1740 2592 ad
1775 2536 2069 2592 Christum
2105 2536 2416 2592 adductum

366 2649 492 2688 esse
519 2631 773 2688 meminit
800 2635 850 2704 (2
871 2634 1051 2706 Jun.).
1087 2635 1399 2700 PostremO,
1431 2635 1717 2689 sociorum
1745 2633 2152 2705 occupationes
2185 2642 2245 2692 et
2270 2651 2409 2688 con-

367 2727 660 2783 fluentium
708 2729 765 2783 in
804 2730 974 2784 aedes
1013 2747 1200 2784 sacras
1243 2731 1638 2801 frequentiam,
1690 2731 1894 2788 diebus
1941 2729 2213 2787 natalitiis
2249 2733 2412 2804 JeSU,

365 2835 788 2891 commemorat,
825 2825 1093 2896 additque
1134 2829 1303 2898 (quod
1339 2846 1475 2885 sane
1509 2828 1887 2883 leviusculum
1929 2837 2037 2895 est,
2076 2828 2178 2909 sed
2222 2836 2412 2884 tamen

365 2921 944 2998 notandum)·nempe,
976 2941 1253 2993 quaenam
1281 2925 1525 2980 remedia
1552 2927 1623 2980 ad
1649 2943 1915 2982 canoram
1943 2942 2143 2981 vocem
2179 2942 2409 2996 compa-

365 3017 596 3074 randam
615 3017 821 3089 juvent
847 3021 938 3091 (29
959 3021 1142 3091 Deo).

474 3113 784 3168 Ferrariae
811 3114 973 3171 solita
1001 3115 1175 3171 nostri
1210 3117 1442 3173 obibant
1469 3118 1682 3187 munia,
1722 3118 1947 3176 tametsi
1982 3118 2157 3189 aliqui
2190 3118 2408 3173 incom-

363 3211 527 3265 moda
557 3219 852 3267 uterentur
876 3212 1198 3267 valetudine
1227 3215 1315 3284 (28
1344 3216 1555 3286 Mart.):
1587 3217 1798 3287 populo
1825 3226 1883 3273 et
1911 3215 2201 3287 episcopo,
2231 3215 2410 3274 ferra-

365 3305 565 3362 riensis
591 3307 863 3364 ecclesiae
890 3309 1348 3377 administratori,
1377 3312 1524 3382 grati
1553 3323 1715 3367 erant
1744 3315 1797 3386 (9
1824 3313 2005 3385 Maj.),
2044 3322 2102 3368 et
2133 3313 2207 3369 ad
2241 3328 2411 3367 reno-

362 3403 549 3457 vanda
575 3403 782 3472 studia,
813 3404 1203 3475 parisiensium
1232 3425 1410 3473 more,
1442 3408 1888 3480 accingebantur
1918 3413 2008 3481 (17
2045 3410 2228 3482 Aug.)

473 3498 733 3554 Mutinae
762 3498 1059 3572 Philippus
1083 3503 1335 3557 Leernus
1362 3514 1585 3559 creatur
1622 3515 1809 3562 rector
1835 3507 1894 3562 in
1929 3508 2118 3563 locum
2151 3505 2415 3562 Caesaris

355 3594 662 3673 'Aversanh
695 3596 889 3667 Quod,
928 3597 1032 3654 etsi
1062 3597 1223 3653 initio
1260 3599 1413 3654 cives
1447 3600 1660 3672 aliquot
1696 3603 1951 3658 nonnihil
1986 3601 2407 3669 commovisset,

360 3690 666 3767 commotio
693 3702 879 3748 tamen
907 3692 1222 3748 animorum
1251 3696 1408 3749 brevi
1436 3698 1630 3753 sedata
1656 3708 1763 3767 est,
1793 3708 1850 3754 et
1887 3701 1959 3755 ad
1989 3678 2155 3755 solita
2180 3696 2409 3771 pietatis

360 3785 565 3852 officia,
602 3786 699 3856 qui
736 3787 1131 3855 discesserant,
1164 3790 1397 3856 rediere,
1431 3791 1600 3848 immo
1627 3794 1806 3850 crevit
1840 3794 2253 3873 poenitentium
2291 3794 2403 3849 fre-
