2638 4334
385 316 473 371 400
1005 312 1301 359 Emsroma
1332 311 1594 359 Μαι-η·
1602 308 1700 358 638

328 446 533 510 questo
570 454 705 494 caso
742 454 922 496 senon
962 437 1264 511 trauaiglio
1297 447 1355 496 et
1389 455 1575 505 croce‚
1614 439 1758 493 oltra
1791 436 1939 494 della
1970 434 2154 490 vtilita
2197 433 2363 505 spiri-

334 533 506 590 tualle
531 534 639 591 che
664 551 765 606 per
790 542 994 605 questo
1015 552 1210 593 mezzo
1236 551 1299 591 se
1324 532 1648 607 procuraria
1679 535 1693 562 ⁸
1721 532 1781 588 in
1807 539 2010 603 questa
2033 529 2147 586 cita
2172 538 2231 586 et
2264 547 2365 600 per

332 630 386 685 la
412 628 649 686 Austria
673 632 940 701 anchora,
970 630 1323 704 aggiutando
1349 631 1485 685 luno
1511 630 1676 684 laltro
1694 629 1733 683 il
1754 645 2002 685 vescouo
2021 626 2169 683 della
2188 626 2357 681 Com-

335 724 564 798 pagnia,
595 734 653 783 et
678 725 720 781 il
744 726 987 800 collegio
1013 745 1075 783 se
1101 727 1419 783 cauarebbe
1453 725 1638 781 vtilita
1675 723 2004 796 temporalle
2038 722 2131 778 del
2162 737 2363 777 vesco-

232 886 239 892 ,
339 822 484 877 uado
510 838 610 894 per
644 821 946 895 aggiutare
984 833 1043 879 et
1077 839 1400 878 soccorrere
1428 822 1535 877 alle
1563 818 1902 876 necessitadi
1925 816 2243 889 corporalli.
2273 817 2364 872 De

333 927 539 990 questo
566 916 799 991 negotio
822 919 994 976 credo
1020 920 1128 976 che
1154 920 1226 975 V.
1259 920 1327 974 R.
1360 919 1379 946 ’
1409 920 1622 973 hauera
1646 915 1944 988 maggiore
1970 912 2366 969 informatione

334 1014 407 1070 de
438 1032 566 1072 esso
600 1016 757 1071 Rmo
789 1014 1000 1070 nuncio
1038 1013 1418 1087 Martinengo,
1457 1030 1618 1069 corne
1656 1012 1709 1068 ci
1747 1014 1821 1068 ha
1859 1028 2147 1084 promesso
2180 1007 2367 1064 inanzi

333 1111 405 1167 de
433 1113 505 1166 ne
528 1109 778 1168 scriuere
803 1111 857 1166 al
882 1128 1106 1166 summo
1131 1110 1399 1182 pontifice
1427 1112 1468 1164 ⁸.

444 1207 574 1263 Non
609 1207 773 1275 altro,
811 1225 951 1264 seno
983 1208 1091 1264 che
1125 1206 1456 1279 preghiamo
1494 1209 1602 1263 che
1641 1207 1714 1262 V.
1755 1207 1822 1260 R.
1866 1203 1914 1259 si
1948 1202 2153 1258 ricordi
2187 1202 2260 1259 de
2285 1200 2370 1255 soi

331 1301 530 1375 figlioli
554 1303 704 1360 nelle
728 1320 832 1360 sue
859 1312 1020 1358 sante
1048 1301 1309 1358 orationi.
1341 1304 1548 1359 Amen.
1579 1304 1644 1358 In
1665 1303 1833 1358 fretta
1867 1302 1938 1355 de
1965 1299 2189 1356 Vienna
2225 1313 2366 1368 que-

331 1406 422 1455 sto
446 1399 518 1454 de
537 1398 692 1472 Julio
722 1413 791 1468 27
828 1412 985 1469 1553.
1016 1400 1106 1455 De
1132 1400 1204 1455 V.
1237 1401 1305 1455 R.
1338 1399 1553 1472 figliolo
1587 1398 1800 1455 humile
1824 1398 1882 1452 in
1909 1397 2017 1452 Χ.ο
2037 1396 2198 1469 Jesu‚

1358 1497 1635 1552 N1coLAo
1675 1512 1752 1551 οε
1792 1495 2064 1549 LANNOY.

442 1591 766 1663 Inscriptio:
793 1592 905 1646 Ihs.
938 1592 1014 1647 Al
1039 1592 1214 1647 molto
1240 1591 1379 1647 R.d0
1404 1591 1462 1647 in
1489 1591 1596 1648 X.⁰
1626 1592 1830 1657 Padre‚
1862 1590 1900 1644 il
1935 1592 2000 1644 P.
2042 1590 2156 1643 M.e
2196 1588 2365 1657 Igna-

334 1685 412 1741 tio
437 1687 510 1743 de
535 1687 768 1758 Loyola‚
798 1687 1083 1759 preposito
1109 1689 1255 1744 della
1283 1690 1636 1762 Compagnia
1662 1689 1734 1743 de
1753 1689 1912 1761 Jesu.
1946 1687 2007 1740 In
2036 1686 2232 1739 Roma.

423 1837 437 1864 ¹
500 1835 597 1880 Ms.
619 1836 1008 1896 procurareria.

419 1911 439 1938 ’
501 1909 598 1955 Ms.
638 1909 781 1955 Vra'.

421 1983 440 2011 ⁸
502 1982 577 2028 De
598 1983 691 2029 hoc
711 1983 912 2043 negotio
932 1983 1189 2044 sequentia
1205 1983 1347 2043 juvat
1369 1983 1649 2029 exscribere
1673 1996 1735 2028 ex
1757 1983 2206 2039 BRAUNSBERGBR,
2229 1981 2269 2026 l.
2297 1995 2366 2036 c.,

334 2063 372 2102 t.
395 2068 431 2116 1,
452 2070 564 2117 pag.
587 2066 692 2115 427:
716 2058 1103 2103 «Bur-chardum
1127 2073 1229 2103 van
1249 2059 1347 2103 den
1368 2059 1558 2119 Bergh,
1583 2072 1822 2104 novercae
1849 2055 2047 2102 Canisii
2066 2055 2297 2116 fratrem
2327 2058 2373 2100 et

332 2132 630 2178 canonicum
651 2132 955 2178 cathedralis
970 2132 1198 2178 ecclesiae
1216 2133 1292 2191 (S.
1314 2133 1583 2194 Stephani)
1599 2132 1900 2183 viennensis,
1909 2148 1930 2172 υ
1947 2130 2099 2176 subiit
2114 2129 2373 2191 cogitati0‚

334 2205 530 2265 «inquit
551 2205 870 2259 Saoehinus,»
887 2209 1028 2265 posse
1054 2205 1317 2252 Canisium
1340 2208 1397 2252 in
1417 2221 1630 2252 vacuam
1652 2207 1815 2252 sedem
1832 2204 2193 2265 [viennensem]
2215 2203 2373 2264 impo-

333 2280 410 2325 ni.
454 2280 604 2337 Quod
637 2293 751 2326 cum
780 2279 1086 2338 Hieronymo
1116 2280 1442 2342 Martinengo
1470 2281 1754 2341 Apostolico
1782 2279 1976 2325 Nuntio
2004 2279 2290 2332 indicasset,
2326 2281 2375 2323 et

337 2352 515 2400 Caroli
539 2352 772 2400 Caesaris
794 2354 960 2414 legato
987 2353 1264 2400 Guilielmo
1284 2370 1318 2400 a
1355 2356 1614 2408 Pictauia,
1645 2358 1692 2400 et
1721 2354 1948 2400 Martino
1982 2353 2244 2400 Gusmano
2278 2351 2374 2398 Ca·

334 2428 559 2476 merario
580 2427 757 2489 Regio,
780 2442 948 2474 omnes
969 2432 1228 2487 tamquam
1259 2430 1513 2475 diuinitus
1541 2430 1780 2475 iniectum
1810 2428 2135 2475 consilium...
2157 2430 2376 2488 suscepe-

335 2517 418 2548 re»
426 2536 440 2568 ,q
465 2500 595 2547 Cum
616 2504 784 2547 autem
809 2516 895 2547 nec
916 2502 1273 2564 Martinengus
1294 2518 1382 2549 nec
1402 2505 1505 2564 ipse
1527 2503 1885 2550 Ferdinandus
1905 2518 1995 2548 rex
2020 2501 2285 2547 Canisium
2307 2503 2376 2547 ad

335 2577 676 2637 episcopatum
698 2576 1044 2636 accipiendum
1068 2592 1264 2624 movere
1280 2582 1499 2638 possent,
1530 2578 1918 2639 Martinengus»
1949 2578 2148 2622 litteras
2173 2577 2242 2622 ad
2269 2576 2376 2622 bea-

335 2654 445 2696 tum
466 2650 729 2711 Ignatium
750 2654 948 2704 exarat,
967 2655 1061 2711 per
1082 2653 1275 2698 viscera
1295 2654 1675 2699 misericordiae
1700 2646 1892 2699 Christi
1912 2652 2026 2698 Iesu
2041 2652 2316 2703 obsecrans,
2334 2655 2380 2696 et

335 2726 598 2780 obtestans,
625 2725 889 2772 Canisium
914 2729 1017 2787 ipse
1046 2730 1417 2789 compelleret...
1448 2729 1622 2775 Nihilo
1650 2729 1841 2774 acriter
1869 2728 2042 2774 minus
2065 2730 2164 2787 pro
2191 2740 2241 2772 se
2262 2726 2381 2771 seri·

331 2800 437 2860 psit
462 2797 723 2846 Canisius.
738 2816 760 2843 υ
784 2801 1037 2847 Hactenus
1060 2802 1447 2862 Braunsberger‚
1469 2803 1554 2864 qui
1575 2803 1783 2863 plurima
1805 2802 1900 2848 alia
1922 2801 2057 2847 addit
2084 2800 2145 2846 ad
2173 2798 2378 2846 eandem

335 2888 439 2919 rem
460 2873 750 2934 spectantia.
773 2874 898 2920 Vide
923 2876 1080 2935 ipsum
1104 2883 1155 2922 et
1176 2877 1450 2936 pomum,
1475 2878 1511 2923 l.
1534 2893 1595 2931 c.,
1618 2884 1660 2923 t.
1690 2888 1761 2934 111,
1783 2890 1901 2937 pag.
1933 2886 2039 2934 254,
2062 2885 2169 2933 255,
2194 2889 2244 2920 n.
2262 2873 2375 2932 569,

335 2948 574 3006 57ο.-9.“
594 2948 806 3008 Augusti
830 2949 1050 3008 Ignatius
1071 2950 1270 2997 Canisio
1291 2952 1505 3013 scripsit,
1523 2953 1705 3012 jubens
1728 2954 1856 2998 bono
1885 2951 2047 2997 animo
2076 2950 2213 2996 illum
2241 2962 2373 3006 esse,

333 3022 613 3084 docensque
633 3037 728 3084 qua
749 3023 936 3070 ratione
959 3032 1205 3085 oporteret
1227 3041 1280 3071 se
1302 3042 1498 3086 gerere.
1530 3028 1583 3073 Id
1604 3027 1837 3073 docemur
1864 3041 1893 3072 a
1922 3027 2196 3083 Poumco,
2227 3024 2268 3069 l.
2306 3038 2368 3076 c.,

336 3110 448 3157 pag.
472 3096 578 3155 264,
602 3098 708 3158 265,
729 3113 778 3144 n.
811 3110 916 3157 590,
945 3099 1029 3159 qui
1059 3115 1160 3145 rem
1190 3101 1265 3146 his
1297 3103 1461 3147 verbis
1490 3102 1720 3147 absolvit:
1755 3100 1883 3147 «Sed
1913 3098 2242 3159 necessarium
2273 3111 2371 3143 non

335 3170 427 3217 fuit
449 3178 502 3217 ut
523 3173 613 3218 hac
634 3171 821 3219 ratione
842 3172 1109 3233 [Canisius]
1138 3183 1404 3233 recusaret;
1438 3192 1605 3223 nam...
1637 3176 1852 3237 acceptis
1883 3175 1937 3221 P.
1971 3173 2150 3233 Ignatii
2174 3171 2370 3229 litteris,

335 3247 397 3291 ab
418 3246 645 3308 incoepto
665 3246 791 3307 [Rex
813 3247 1161 3308 Romanorum]
1182 3249 1431 3295 destitit.»
