2638 4334
1028 343 1084 378 ιο
1113 333 1304 382 Mamm
1342 333 1452 391 1553
2149 351 2232 399 147

245 481 361 519 non
385 461 435 518 si
462 461 582 516 fece
609 458 769 531 quasi
794 461 938 516 altro
971 462 1079 515 che
1111 460 1548 517 communicare.
1588 465 1788 534 Doppo
1822 484 2024 535 pranso
2061 468 2287 538 predico

249 557 420 616 etiam
445 565 503 614 et
529 574 637 612 con
665 555 860 627 spirito
887 565 945 613 et
979 555 1183 627 gratia,
1221 557 1487 612 restando
1519 556 1779 612 edificato
1814 564 2221 631 grandemente
2248 564 2286 618 il

251 654 481 727 popu10,
513 660 570 709 et
595 653 687 708 del
715 651 1086 723 predicatore,
1125 660 1182 709 et
1215 653 1363 708 della
1402 651 1647 723 predica.
1693 655 1897 723 Quella
1936 658 2145 714 matina
2182 679 2285 715 an-

254 752 427 806 chora
451 732 742 829 Girolamo
772 749 785 774 ¹
816 749 938 805 fece
965 766 1079 803 una
1105 747 1359 805 oratione
1386 747 1443 802 in
1470 748 1664 817 latin0,
1701 751 1774 805 de
1807 752 2099 822 sapientia,
2142 756 2287 810 assai

255 842 487 903 bella'et
512 846 690 911 dotta,
721 853 778 899 et
805 845 858 899 la
881 844 1034 901 disse
1059 862 1166 899 con
1193 844 1367 899 molta
1399 843 1598 915 gratia.
1637 844 1709 899 Vi
1750 846 1908 900 forno
1946 849 2038 904 doi
2073 852 2290 920 profes-

255 940 366 997 sori
394 941 624 1012 publici,
651 959 765 995 vno
791 941 850 995 di
877 940 1247 1012 philosophia,
1277 941 1420 995 altro
1446 939 1504 994 di
1524 941 1716 1012 legge,
1747 958 1854 996 con
1881 944 2036 998 molti
2071 947 2292 1002 schola—

257 1036 324 1106 ri,
355 1047 412 1101 et
438 1045 699 1092 restorno
726 1036 859 1092 tutti
879 1036 1144 1092 edificati.

369 1136 439 1189 Et
466 1153 566 1206 per
592 1134 693 1188 dar
725 1142 895 1208 conto
920 1152 953 1188 a
990 1135 1060 1189 V.
1101 1135 1169 1189 R.
1207 1132 1510 1205 particolar
1546 1132 1678 1188 delli
1720 1134 1921 1189 fratelli
1960 1138 2066 1190 che
2105 1155 2216 1206 qua
2249 1138 2294 1193 si

260 1239 522 1297 trouanO,
560 1228 1038 1295 incomminciaro,
1084 1228 1283 1300 primo,
1334 1230 1428 1283 dal
1470 1230 1629 1284 detto
1657 1231 1723 1284 P.
1753 1232 1835 1286 M.
1865 1229 2150 1286 Giovanni
2184 1234 2294 1289 Lo—

259 1344 451 1393 renZO,
482 1325 522 1380 il
555 1326 720 1396 quale
758 1343 858 1397 per
892 1343 995 1381 sua
1033 1325 1351 1396 prudentia,
1394 1324 1722 1381 discretion’
1758 1333 1815 1382 et
1852 1325 2066 1381 charita
2099 1327 2299 1383 edifica

263 1431 412 1478 tutta
436 1424 490 1477 la
517 1440 666 1488 casa,
698 1430 755 1478 et
774 1423 829 1476 la
856 1421 1007 1478 tiene
1031 1421 1089 1476 in
1111 1431 1273 1477 santa
1299 1440 1457 1493 pace.
1490 1420 1694 1479 Subito
1720 1423 1825 1477 che
1854 1423 1914 1476 fu
1941 1422 2138 1493 gionto
2166 1442 2295 1494 qua,

265 1521 318 1576 16
343 1518 493 1574 diedi
520 1519 557 1573 il
585 1518 820 1590 carigho
845 1519 991 1574 della
1017 1536 1168 1585 casa,
1199 1528 1258 1574 et
1283 1520 1336 1573 la
1363 1517 1882 1589 sopraintendentia
1908 1520 2053 1574 delle
2086 1521 2296 1588 schole;

263 1626 324 1673 ct
350 1617 492 1672 oltre
519 1618 626 1670 che
654 1616 708 1669 fa
734 1614 871 1686 ogni
907 1633 1039 1670 cosa
1073 1633 1181 1669 con
1216 1614 1451 1682 charita,
1491 1617 1565 1669 ha
1592 1614 1761 1671 etiarn
1788 1616 1964 1669 molta
1991 1616 2296 1671 destrezza.

265 1713 556 1783 Appresso
582 1710 639 1765 di
666 1719 888 1781 questO,
919 1710 998 1764 lui
1025 1712 1287 1767 confessa
1320 1711 1375 1765 la
1407 1703 1668 1782 maggior
1703 1720 1862 1782 parte
1897 1711 2027 1765 delli
2063 1712 2302 1767 scholari

266 1807 411 1862 fuori
439 1807 497 1862 di
531 1825 681 1862 casa.
721 1809 919 1879 Legge
954 1806 1092 1879 ogni
1132 1808 1368 1871 sabbato
1407 1807 1501 1862 alli
1538 1807 1687 1879 putti
1733 1826 1845 1862 vna
1889 1808 2121 1863 lettione
2159 1810 2303 1864 della

263 1904 511 1959 dottrina
537 1904 858 1960 christiana.
902 1906 983 1960 Le
1011 1905 1154 1960 feste
1188 1905 1375 1975 doppo
1409 1922 1614 1975 pranso
1648 1904 1877 1975 predica
1922 1906 1992 1958 ad
2037 1924 2150 1959 vno
2185 1924 2306 1960 mo-

267 2000 512 2056 nasterio
537 2000 594 2055 di
621 2002 915 2057 monache.
949 2002 1220 2056 Anchora
1244 2004 1319 2055 m'
1351 1999 1591 2072 aggiuta
1616 2019 1650 2055 a
1683 2001 2006 2056 confessare
2042 2001 2079 2054 li
2116 2002 2307 2056 deuoti

268 2100 376 2154 che
402 2115 686 2168 vengonO.
719 2096 928 2167 Dipuoi
962 2096 1000 2150 il
1028 2105 1180 2152 resto
1214 2097 1306 2153 del
1346 2105 1537 2168 tempo
1582 2098 1690 2151 che
1715 2097 1974 2151 l’auanza
2008 2098 2061 2151 lo
2096 2099 2307 2169 spende

268 2194 329 2249 in
355 2193 604 2248 studiare
630 2193 669 2247 li
696 2193 812 2248 casi
838 2193 895 2247 di
916 2192 1280 2259 conscientia,
1306 2202 1365 2248 et
1392 2194 1509 2249 fare
1529 2193 1755 2263 qualch’
1780 2194 1920 2248 altra
1947 2212 2079 2248 cosa
2098 2195 2305 2248 buona.

383 2289 594 2360 Dipuoi
633 2289 672 2343 il
716 2290 934 2344 fratello
977 2291 1055 2344 M.
1109 2290 1403 2344 Balthasar
1436 2290 1455 2316 ²
1491 2288 1539 2344 si
1577 2298 1740 2360 porta
1772 2291 1938 2355 bene,
1989 2300 2046 2346 et
2082 2291 2312 2346 attende

273 2395 487 2457 quanto
513 2388 627 2458 puo
665 2405 699 2442 a
725 2386 1009 2458 profitare,
1050 2405 1084 2442 e
1119 2405 1153 2441 a
1185 2404 1247 2441 se
1281 2395 1339 2441 et
1374 2385 1466 2441 alli
1504 2385 1630 2441 suoi
1662 2386 1924 2441 scholari.
1965 2386 2100 2442 Cosi
2143 2387 2312 2440 fanno

273 2485 352 2538 M.
383 2482 691 2538 Guilielmo
717 2484 759 2549 ³,
789 2500 899 2536 con
924 2483 1144 2538 fratello
1173 2485 1251 2538 M.
1283 2483 1594 2548 GirolamO,
1619 2482 1771 2552 quali
1797 2501 1937 2537 sono
1964 2483 2160 2553 quieti,
2186 2493 2242 2538 et
2264 2483 2311 2535 si

270 2587 508 2650 portano
542 2580 708 2644 bene,
747 2588 804 2634 et
838 2578 1280 2650 singolarmente
1319 2578 1618 2635 edificano.
1662 2578 1937 2635 Giacomo
1973 2582 2218 2634 anchora
2254 2589 2310 2633 et

273 2675 584 2732 Domenico
611 2675 658 2729 si
685 2684 923 2746 portano
948 2674 1086 2747 ogni
1112 2674 1317 2747 giorno
1338 2675 1573 2748 megli0,
1598 2684 1655 2732 et
1681 2678 1727 2730 s'
1752 2674 2065 2747 aggiutano
2086 2676 2178 2731 nel
2199 2675 2314 2746 spi-

272 2770 381 2826 rito
406 2780 465 2826 et
490 2773 638 2829 nelle
676 2774 895 2828 lettere.
928 2772 973 2826 Il
998 2788 1184 2842 coquo
1212 2780 1411 2827 nostro
1441 2772 1737 2843 Rodolpho
1765 2773 1819 2827 fa
1853 2790 1964 2825 vna
1999 2771 2114 2825 vita
2149 2773 2313 2826 here-

275 2868 483 2936 mitica,
513 2887 697 2940 puoco
722 2869 897 2940 parla,
928 2886 1027 2924 ora
1053 2869 1248 2935 molto,
1289 2869 1322 2922 6
1361 2869 1535 2923 molto
1575 2867 1850 2939 diligente
1889 2868 1947 2921 in
1987 2869 2070 2922 far
2111 2868 2147 2920 l’
2190 2868 2315 2920 offi-

279 2963 370 3019 cio
396 2982 520 3020 suo.

390 3060 465 3116 Di
491 3079 581 3115 me
609 3079 725 3115 non
750 3080 814 3117 so
839 3063 948 3118 che
973 3061 1079 3127 dir,
1116 3062 1278 3116 saluo
1311 3063 1418 3116 che
1454 3079 1690 3116 accusar
1715 3062 1767 3116 16
1803 3060 1910 3115 mie
1946 3059 2313 3131 negligentie,

281 3159 387 3213 che
413 3157 472 3212 in
499 3166 646 3213 tutte
671 3159 725 3212 le
751 3176 884 3214 cose
902 3176 1023 3213 vs0.
1055 3159 1134 3215 So
1160 3166 1218 3214 et
1244 3175 1532 3230 cognosco
1557 3160 1663 3212 che
1690 3159 1763 3212 N.
1796 3159 1855 3212 S.
1887 3175 1988 3227 per
2013 3174 2116 3210 sua
2151 3155 2314 3209 mise-

282 3252 522 3310 ricordia
545 3253 622 3309 mi
648 3255 721 3309 da
747 3255 919 3311 molte
945 3253 1228 3310 occasioni
1254 3262 1311 3310 et
1338 3253 1572 3309 materia
1598 3255 1670 3310 de
1695 3252 1951 3318 seruir10,
1982 3270 2073 3306 ma
2099 3251 2174 3305 mi
2204 3260 2318 3305 tro-

370 3480 383 3505 ¹
445 3477 777 3536 Hieronymus
799 3477 1136 3523 Galvanellus.
1158 3475 1284 3520 Vide
1303 3476 1576 3535 POLANco‚
1602 3483 1638 3520 t.
1663 3487 1734 3534 111,
1760 3489 1875 3534 pag.
1910 3473 2009 3530 133,
2034 3489 2083 3518 n.
2109 3472 2214 3531 265,
2238 3472 2321 3531 qui

279 3551 400 3596 haec
421 3551 571 3596 latina
594 3551 733 3597 fecit.

364 3622 385 3650 ¹
445 3625 620 3671 «Domi
642 3632 743 3671 tres
763 3627 945 3671 classes
969 3625 1135 3684 paravi
1158 3626 1277 3670 satis
1300 3624 1596 3670 commodas.
1622 3624 1813 3669 Primae
1848 3620 2083 3681 praefecti
2115 3627 2226 3666 sunt
2249 3621 2325 3678 Ja-

280 3699 453 3755 cobus,
476 3694 811 3755 bononiensis,
842 3706 893 3745 et
922 3700 1191 3757 Balthasar,
1222 3700 1506 3758 hispanus.»
1537 3698 1658 3743 Litt.
1694 3698 1896 3755 Quadr.
1935 3702 1971 3739 t.
2003 3707 2036 3750 1,
2070 3709 2182 3753 pag.
2222 3694 2328 3750 677,

290 3772 507 3817 Bononia
529 3783 555 3818 2
579 3773 714 3831 Junii
740 3783 875 3831 1552.

374 3847 393 3871 ³
455 3846 750 3893 Guilielmus
772 3848 1020 3893 Brochens
1042 3847 1395 3905 (Limburgus).
1424 3846 1541 3891 Litt.
1574 3846 1794 3903 Quadr.,
1820 3843 1957 3896 ibid„
1981 3858 2091 3903 pag.
2114 3842 2216 3898 676.
