2638 4334
998 300 1071 335 An
1101 300 1386 336 Lac-roam«
2101 313 2152 359 17

170 419 494 490 Goncalves
527 418 600 472 da
634 418 895 483 Camara,
934 435 1122 472 rerum
1162 417 1385 473 illarum
1422 420 1851 480 scientissimus:
1891 427 1942 482 ei
1977 447 2010 483 a
2037 432 2211 501 Joan-

172 535 246 573 ne
271 516 346 571 III
371 513 866 571 commendatitiae
890 512 1115 570 litterae
1141 515 1214 569 ad
1241 515 1568 586 pontificem
1606 520 1933 590 maximum,
1973 527 2043 579 ad
2076 527 2214 582 lusi-

176 623 371 670 tanum
398 621 678 668 oratorem
705 611 764 665 in
791 613 952 679 urbe,
995 612 1069 666 ad
1101 599 1298 684 regem
1338 613 1579 683 Galliae,
1623 617 1694 670 ad
1733 619 2015 689 Ignatium
2054 624 2219 679 datae

176 713 259 783 (31
285 710 438 784 Jan.)
466 711 725 780 Quarum
750 708 1067 779 litterarum
1094 710 1371 781 exempla,
1402 710 1622 766 etiamsi
1648 698 1823 784 penes
1844 736 1949 771 nos
1971 721 2220 774 habean-

178 815 288 874 tur,
320 810 656 862 non-tamen'
679 806 869 860 Omnia
903 805 1292 877 producimus,
1330 825 1462 862 cum
1501 807 1691 879 aliqua
1717 810 1835 880 jam
1877 814 2027 868 edita
2062 814 2215 872 inve-

175 903 405 958 niantur
429 904 582 975 apud
609 905 871 971 TELLES,
905 903 1191 958 Chronica
1217 904 1293 957 da
1324 905 1679 975 Companlzia
1705 908 1772 960 de
1800 909 1929 962 Iesu
1957 929 2042 963 em
2072 914 2223 966 Por-

175 1001 357 1073 tugal,
394 1009 434 1055 t.
478 1019 520 1067 1,
560 1019 693 1072 pag.
736 1002 842 1070 583
878 1009 937 1056 et
972 1009 1013 1056 t.
1055 1018 1123 1070 11,
1153 1020 1288 1074 pag.
1337 1003 1763 1074 56-59.—Dum
1811 1004 1936 1072 iter,
1989 1009 2220 1062 Romam

173 1116 393 1165 verSUS,
424 1099 751 1169 Gonealves
777 1106 939 1169 parat
966 1109 1024 1154 et
1049 1097 1198 1154 viam
1226 1098 1567 1170 ingreditur,
1599 1099 1797 1156 Simon
1827 1103 2147 1175 Rodrigues
2169 1106 2222 1158 in

175 1194 584 1267 Portugalliam
611 1194 796 1250 redire
823 1195 1024 1250 statuit
1058 1197 1145 1268 (15
1184 1197 1391 1268 Mart),
1431 1197 1848 1269 revertiturque
1885 1202 1975 1271 (26
2011 1203 2221 1273 Martff.

177 1292 328 1347 Hinc
357 1309 538 1347 novae
567 1293 766 1347 turbae
793 1291 1092 1349 excitatae:
1124 1292 1283 1362 socii,
1315 1293 1413 1364 qui
1435 1294 1843 1365 conquiescere
1863 1296 2222 1365 videbantur,

177 1390 302 1460 ejus
337 1389 587 1445 adventu
634 1398 693 1445 et
727 1389 1089 1446 sermonibus
1127 1400 1577 1447 commoventur:
1619 1393 1742 1447 falsi
1780 1412 2034 1449 rumores
2070 1414 2229 1466 spar-

179 1495 397 1558 guntur
425 1487 471 1559 (1
506 1487 673 1557 Apr.,
705 1486 879 1560 Junio
915 1487 1200 1559 exeunte):
1246 1489 1475 1543 tandem
1515 1488 1842 1562 Rodrigues
1882 1493 2118 1546 Romam
2159 1494 2230 1547 ad

180 1585 366 1640 Stum.
399 1583 685 1656 Ignatium
713 1583 795 1639 ire
814 1584 1052 1655 jubetur
1079 1586 1170 1655 (27
1190 1585 1369 1658 Jun.).
1404 1587 1410 1594 '

219 1699 223 1709 ·
290 1682 510 1737 Interea
537 1698 673 1736 vero
699 1679 755 1734 in
784 1681 1198 1752 procurandam
1226 1681 1541 1737 animarum
1570 1684 1811 1739 salutem
1838 1685 2066 1740 lusitani
2090 1687 2229 1741 socii

178 1777 605 1848 incumbebant:
653 1777 1062 1834 transmarinae
1098 1778 1491 1849 expeditiones
1524 1782 1893 1852 parabantur,
1933 1801 2044 1852 qua
2080 1783 2136 1836 in
2172 1803 2231 1838 re

178 1874 432 1930 mirabile
466 1874 642 1930 edidit
679 1874 1039 1931 obedientiae
1083 1877 1405 1948 exemplum
1454 1877 1744 1948 Olisz'pone
1784 1879 2052 1935 Urbanus
2092 1882 2137 1936 F
2140 1900 2229 1937 er-

177 1973 414 2039 nandeS,
445 1971 840 2043 olisiponensis
866 1972 1094 2044 collegii
1121 1981 1308 2028 rector
1337 1975 1428 2047 (24
1454 1975 1668 2046 Mart.):
1707 1986 2075 2047 promovetur
2109 1978 2230 2049 pie-

180 2079 287 2136 taS,
312 2070 590 2141 juvantur
616 2067 857 2140 proximi
885 2070 1061 2141 (Majo
1088 2080 1354 2138 exeunte,
1388 2089 1419 2141 3
1454 2072 1642 2144 Dee.):
1686 2074 2096 2141 Conimbricae‚
2136 2074 2231 2130 ubi

181 2166 396 2237 aliquot
440 2165 759 2238 degebant,
816 2166 1144 2238 provinciae
1198 2168 1524 2247 turbinibus
1575 2170 1877 2242 exagitati,
1932 2172 2233 2243 prudentia

182 2262 418 2320 rectoris
446 2263 653 2319 Leonis
682 2264 962 2334 Enriques
988 2274 1046 2320 et
1078 2266 1440 2337 dyscolorum
1482 2266 1761 2338 ejectione
1797 2287 1888 2324 res
1921 2269 2231 2340 composita

182 2363 199 2434 (
209 2377 256 2427 1,
294 2362 380 2427 16,
419 2375 483 2429 17
512 2363 704 2428 Mart.,
738 2362 809 2415 26
836 2363 1003 2433 Apr.,
1042 2365 1252 2436 1Jun.,
1285 2364 1464 2436 Oct.).
1502 2365 1724 2420 Eborae
1758 2366 2081 2421 scholastici
2118 2369 2228 2422 fra-

182 2466 298 2515 tres
323 2457 638 2514 litterarum
665 2476 732 2513 ac
752 2458 981 2515 virtutis
1001 2460 1505 2517 exercitationibus
1524 2462 1673 2517 serio
1693 2462 1965 2519 insistunt
1987 2465 2033 2537 (1
2053 2467 2225 2537 Jan.):

180 2556 512 2627 Alphonsus
554 2558 809 2624 Barreto,
850 2558 1108 2613 nondum·
1143 2560 1440 2626 sacerdos,
1491 2559 1660 2615 sociis
1699 2561 2027 2632 praeficitur
2068 2563 2227 2634 (Apr.

177 2653 462 2725 exeunte):
488 2652 796 2720 Henricus,
828 2654 1150 2724 cardinalis,
1182 2657 1460 2713 eborense
1480 2657 1788 2729 collegium
1816 2668 2113 2729 promovet
2141 2660 2232 2732 (16

179 2751 339 2820 Maj.‚
380 2766 401 2806 1
433 2750 615 2823 Jun.):
656 2751 770 2805 huc
803 2751 962 2806 venit
995 2753 1199 2820 Nadal,
1239 2752 1429 2808 studia
1463 2753 1828 2809 ordinaturus
1865 2757 1937 2827 (1,
1990 2772 2047 2810 11
2087 2757 2226 2828 Jul.,

187 2865 207 2904 1
235 2847 444 2922 Aug).
462 2847 558 2904 Sic
577 2846 636 2901 in
656 2847 843 2902 officio
863 2848 1306 2906 continebantur
1324 2850 1505 2906 nostri
1529 2859 1587 2906 et
1607 2853 1894 2907 secundae
1921 2854 2233 2923 perflabant

181 2965 372 3013 aurae,
402 2947 528 3001 Deo
555 2963 656 3016 per
690 2945 991 3002 Societatis
1026 2947 1379 3019 praepositos
1405 2949 1766 3021 gubernante
1798 2969 1864 3005 ac
1900 2950 2229 3021 praesertim

183 3061 282 3115 per
301 3031 748 3098 commissarium
774 3044 1057 3112 Natalem,
1089 3045 1207 3116 qui,
1240 3064 1302 3103 re
1328 3046 1659 3118 composita,
1686 3046 1794 3103 iter
1820 3047 1879 3101 in
1900 3047 2232 3118 Hispaniam

182 3140 583 3206 meditabatur,
614 3157 746 3194 cum
773 3158 909 3198 ecce
936 3143 1292 3198 Theotonius
1318 3144 1392 3200 de
1420 3147 1739 3216 Braganca,
1779 3144 1877 3215 qui
1917 3144 2234 3200 Barcinone

185 3248 567 3311 opportunum
590 3243 662 3296 ad
675 3239 1064 3313 navigandum
1084 3239 1144 3294 in
1159 3240 1375 3296 Italiam
1405 3250 1630 3313 tempus
1650 3242 2069 3314 opperiebatur,
2102 3260 2231 3312 per—

184 3345 372 3392 motus
393 3355 625 3394 romana
650 3337 1003 3411 profectione
1031 3340 1098 3393 P.
1129 3337 1376 3394 Simonis
1404 3338 1746 3411 RodrigueS,
1778 3338 1966 3394 subito
1994 3338 2231 3409 naviga—

186 3433 396 3492 tionem
427 3453 586 3491 suam
631 3435 873 3503 deserit,
911 3443 968 3490 et
996 3435 1302 3506 Compluto
1331 3434 1390 3489 in
1422 3435 1834 3507 Portugalliam
1863 3434 2039 3501 venit,
2073 3434 2233 3505 quasi

184 3540 558 3603 suscepturus
579 3531 698 3588 suis
716 3531 969 3588 humeris
990 3530 1277 3588 Rodericii
1298 3549 1528 3587 causam
1551 3541 1609 3588 et
1630 3531 2023 3603 patrocinium.
2039 3531 2236 3586 Doluit

187 3630 403 3682 tactum
430 3628 675 3684 hominis
699 3627 911 3685 deserti
944 3627 1165 3684 consilii
1202 3631 1374 3685 Pater
1407 3630 1611 3696 Nadal,
1655 3638 1713 3683 et
1755 3628 1886 3698 quia
1925 3628 1997 3683 de
2025 3629 2236 3698 juvene

186 3726 468 3796 agebatur
497 3743 568 3780 ex
594 3725 857 3797 primaria
881 3725 1256 3780 lusitanorum
1276 3725 1572 3782 nobilitate
1593 3743 1722 3779 cum
1745 3724 1865 3795 ipsa
1886 3725 2043 3796 regia
2064 3724 2237 3793 stirpe

188 3822 522 3892 conjunct0,
552 3822 960 3893 profectionem
988 3822 1046 3876 in
1076 3821 1362 3877 Baeticam
1391 3822 1669 3892 tantisper
1703 3821 1941 3876 distulit:
1986 3823 2207 3876 Theoto

375 3925 616 3964 ΕΡιετοιΛιι
640 3925 821 3969 Mune,
838 3935 936 3962 rou.
958 3935 1023 3963 ιιι.
