2638 4334
983 186 1013 232 3
1043 188 1355 234 Dncmfflms
1390 188 1506 246 1553
2115 197 2203 255 655

212 325 272 373 et
298 334 404 371 suo
431 324 666 387 parente
693 318 772 371 M.
805 316 1059 382 Andrea,
1091 313 1131 368 li
1157 313 1331 385 qualli
1352 315 1553 371 adesso
1574 325 1778 373 stanno
1799 339 1831 374 3
1852 322 2050 391 Roma,
2074 323 2122 378 si
2143 325 2266 380 loro

213 432 316 485 per
350 421 555 483 questo
603 414 802 467 effetto
846 411 1132 467 volessino
1157 409 1385 482 agiutar
1411 430 1444 466 a
1478 416 1815 483 comprar'la
1857 418 1890 469 ¹.
1934 419 2263 489 Imperoche

213 530 330 567 non
357 528 421 567 so
447 529 578 566 casa
612 510 671 582 in
718 509 922 581 Tyuoli
951 509 1232 582 (massime
1278 507 1562 566 vendibile
1588 509 1647 563 ni
1684 511 1938 588 locanda)
1976 516 2070 586 piu
2098 536 2255 573 com-

214 608 384 664 moda
410 627 511 680 per
538 607 655 674 noi,
684 607 808 663 cioe
835 624 936 678 per
961 606 1015 661 la
1041 607 1237 661 schola
1262 615 1322 661 et
1345 624 1448 678 per
1475 605 1746 677 religiosi,
1779 608 2049 681 inquanto
2076 616 2128 668 al
2149 615 2258 670 sito

212 714 270 762 et
305 704 586 762 necessita
626 703 682 758 di
717 722 868 770 casa,
926 720 1088 758 come
1129 702 1395 769 cisterna,
1426 708 1690 770 camere,
1741 714 1851 760 etc.
1907 710 2256 766 Preueniens

209 819 503 872 possessor
528 799 653 857 erit.
1555 812 1558 816 ’

322 897 491 969 Dipoi
519 898 572 953 le
599 905 791 953 nostre
817 896 1014 952 vltime
1038 896 1261 964 lettere,
1292 895 1347 950 io
1373 898 1449 951 ho
1474 897 1797 953 confessato
1834 899 1987 954 vinte
2016 919 2257 971 persone

204 1011 305 1066 per
332 1002 502 1049 conto
522 994 613 1048 del
651 992 869 1063 jubileo
897 993 940 1059 ⁸,
981 993 1076 1047 nel
1110 993 1277 1062 quale
1307 991 1363 1046 in
1400 992 1589 1062 questi
1632 1007 1694 1062 15
1726 993 1912 1065 giorni
1950 997 2121 1052 credo
2149 1000 2251 1052 ha-

204 1109 342 1147 uere
363 1091 686 1144 confessato
714 1087 865 1143 circa
890 1089 961 1158 56
987 1105 1248 1159 persone,
1289 1096 1346 1144 et
1373 1108 1447 1145 ne
1481 1091 1557 1143 ho
1586 1089 1945 1146 comunicato
1978 1093 2168 1164 pareci
2194 1094 2253 1148 di

203 1188 346 1242 loro,
380 1186 559 1242 Pochi
585 1187 756 1242 credo
784 1203 971 1241 essere
999 1183 1133 1240 stati
1159 1185 1456 1240 confitenti
1483 1195 1541 1240 et
1566 1186 1882 1242 confessori
1912 1189 2129 1260 (saltem
2157 1208 2251 1244 or-

204 1283 445 1355 dinarii):
477 1299 639 1339 meco
665 1283 836 1338 credo
858 1290 962 1337 tre.

316 1383 409 1437 Un
436 1378 612 1434 dubio
636 1381 711 1433 ho
738 1380 795 1433 d’
825 1377 1054 1433 alchuni
1081 1377 1228 1446 libri,
1259 1377 1299 1432 li
1326 1378 1481 1449 quali
1507 1398 1598 1436 me
1625 1384 1807 1434 sonno
1835 1381 1990 1436 statti
2018 1383 2158 1437 datti
2179 1385 2253 1439 da

202 1476 502 1533 confitenti
547 1475 606 1529 in
642 1474 1020 1543 confessione,
1060 1483 1118 1530 et
1152 1493 1338 1530 sonno
1381 1489 1442 1545 5,
1473 1475 1616 1543 cioe,
1650 1476 1688 1530 il
1717 1485 2056 1534 testamento
2096 1499 2253 1535 nouo

200 1575 474 1628 translato
495 1575 568 1628 da
589 1575 846 1638 ErasmO,
870 1580 929 1626 et
949 1573 1002 1628 le
1029 1590 1132 1627 sue
1159 1574 1503 1644 paraphrase
1523 1573 1583 1626 in
1596 1575 1915 1646 Johannem
1937 1583 1994 1630 et
2018 1575 2075 1628 in
2103 1578 2255 1631 Acta

196 1670 623 1742 Apostolorum.
657 1668 865 1740 Questi
892 1686 983 1724 me
1009 1668 1211 1724 dubito
1238 1688 1302 1725 se
1322 1669 1376 1724 io
1405 1670 1423 1697 ³
1452 1670 1505 1725 le
1532 1689 1702 1741 posso
1745 1679 1940 1727 tenere
1977 1691 2010 1726 o
2038 1674 2250 1744 legere.

196 1769 467 1823 Anchora
492 1766 729 1823 insieme
756 1786 833 1821 vn
860 1765 1091 1838 dialogo
1117 1766 1190 1822 de
1226 1766 1536 1837 Pasquino,
1568 1768 1743 1822 molto
1772 1769 2031 1824 luterano
2058 1779 2116 1824 et
2142 1772 2247 1825 he—

196 1863 392 1919 retico:
431 1872 634 1934 questo
670 1852 744 1918 ho
770 1871 1040 1935 proposto
1080 1863 1383 1918 brusar'lo.
1428 1863 1867 1921 Nientedimeno
1904 1866 1958 1919 lo
2003 1866 2250 1922 retinero

197 1978 303 2015 con
331 1960 369 2014 li
397 1961 523 2015 altri
549 1960 697 2028 libri,
722 1959 908 2016 insino
928 1962 1034 2015 che
1056 1961 1128 2015 V.
1157 1963 1223 2015 Ρ.
1249 1978 1341 2016 me
1363 1960 1676 2018 rescriuera
1697 1970 1754 2018 et
1774 1961 2035 2017 ordinata
2055 1964 2244 2032 quello

196 2059 303 2112 che
330 2056 385 2111 io
411 2059 488 2111 ho
520 2058 734 2113 daffare
762 2056 894 2111 dalli
931 2055 1059 2112 altri
1086 2074 1120 2110 o
1147 2058 1219 2111 de
1266 2056 1419 2124 tutti,
1459 2066 1518 2112 et
1563 2060 1858 2129 expettaro
1893 2059 1946 2113 13
1980 2059 2239 2130 risposta.

198 2155 364 2210 Oltra
396 2144 634 2210 insieme
678 2156 755 2208 ho
801 2153 1070 2208 riceuuto·
1096 2156 1346 2208 anchora
1378 2173 1454 2208 vn
1492 2155 1635 2209 altro
1669 2154 1917 2224 librettO,
1957 2156 2241 2210 contradi-

194 2258 361 2307 cente
387 2259 446 2305 et
471 2251 758 2307 refutante
784 2249 865 2322 gli
893 2249 1068 2306 errori
1095 2251 1167 2305 de
1187 2250 1451 2318 luterani,
1477 2252 1652 2306 molto
1674 2252 1974 2320 catholico,
2006 2255 2245 2308 authore

191 2347 335 2401 frate
362 2347 665 2402 Ambrosio
693 2346 1024 2402 CatharinO.
1776 2337 1783 2343 ’

301 2444 469 2498 Altro
497 2462 611 2498 non
639 2444 716 2498 mi
743 2444 986 2511 ricordO,
1018 2443 1066 2498 si
1092 2463 1209 2499 non
1238 2446 1346 2501 che
1372 2444 1425 2499 ci
1445 2445 1959 2500 racommandiamo
1989 2446 2241 2502 deuotis-

186 2538 521 2596 simamente
549 2541 658 2596 alle
684 2540 925 2595 orationi
952 2542 1024 2598 de
1051 2543 1124 2597 V.
1160 2543 1226 2596 P.

299 2637 510 2694 Scritte
537 2637 596 2692 in
623 2637 830 2708 Tyuoli
858 2637 951 2692 alli
980 2655 1011 2707 3
1040 2638 1113 2694 de
1139 2639 1460 2694 Decembre
1494 2651 1654 2708 1553.

301 2733 496 2788 Nostri
522 2734 789 2801 scholari,
820 2734 943 2790 cioe
972 2733 1028 2807 [i]
1059 2734 1158 2806 piu
1185 2734 1397 2806 capaci,
1429 2753 1611 2790 sonno
1640 2735 1942 2792 confessati
1964 2737 2054 2791 del
2082 2754 2236 2791 mese

191 2839 439 2900 passatO.

303 2927 346 2980 Il
383 2935 646 2997 presente
679 2929 859 2983 latore
893 2929 935 2996 ⁴,
974 2929 1006 2983 e
1041 2928 1318 2985 seruitore
1351 2930 1443 2983 del
1482 2931 1807 3000 sopradetto
1843 2932 1920 2984 M.
1954 2931 2228 2994 Lorenzo,

190 3016 355 3088 peril
384 3017 550 3086 quale
576 3035 637 3071 se
663 3019 861 3088 potera
888 3017 1137 3073 ricevere
1166 3020 1184 3046 ⁵
1214 3019 1268 3074 la
1303 3017 1547 3089 risposta
1580 3020 1650 3074 de
1688 3028 1906 3088 queste,
1938 3027 1994 3072 et
2021 3020 2232 3073 hauere

280 3267 290 3292 ¹
356 3263 482 3309 Vide
505 3263 655 3323 epist.
684 3272 793 3322 701,
811 3278 924 3323 pag.
959 3265 1069 3322 582.

271 3342 289 3368 ²
353 3340 556 3384 Plenam
578 3338 801 3397 intellige
833 3353 1116 3399 poenarum,
1149 3341 1288 3386 noxis
1321 3340 1615 3397 debitarum,
1648 3340 2053 3386 condonationem
2086 3354 2113 3383 a
2145 3340 2230 3397 Ju-

182 3413 248 3459 lio
272 3414 361 3469 ΙΙΙ,
384 3413 534 3458 certis
569 3413 792 3471 precibus
828 3413 1157 3474 operibusque
1195 3415 1448 3471 adhibitis,
1483 3428 1784 3473 concessam,
1829 3415 1891 3459 ob
1930 3412 2138 3470 Angliae
2168 3413 2229 3458 ad

180 3487 328 3533 fidem
361 3488 650 3533 catholicam
679 3487 1034 3534 reductionem.

270 3563 289 3589 ³
352 3563 447 3608 Ms.
478 3564 523 3607 si
543 3564 621 3607 ho.

273 3641 293 3666 ⁴
354 3638 446 3683 Ms.
472 3639 650 3690 latore,
674 3638 851 3689 latore,
876 3637 971 3682 bis.

276 3715 295 3741 ⁵
356 3715 453 3758 Ms.
484 3714 772 3759 rescieuere.
