2638 4334
435 356 525 415 634
1066 362 1358 408 Erisromss
1390 360 1748 417 Mutua-717
1793 340 1797 344 ¹

379 484 512 540 tatis
537 484 791 545 eiusdem
819 487 1027 546 clerico
1050 498 1149 544 aut
1177 488 1283 560 ipsi
1306 484 1669 557 Malagucino
1687 484 2040 541 beneffitium
2061 487 2431 554 concedatur,

381 580 440 635 in
467 599 636 652 quem
662 584 825 655 plura
843 584 1037 656 populi
1059 595 1191 639 vota
1212 581 1621 649 concurrerint,
1647 580 1910 652 quamuis
1936 582 2275 639 aduersariis
2295 584 2427 641 fidei

383 677 521 732 fiant
547 677 654 735 ista
679 679 923 736 ludibrio
949 690 1008 736 et
1033 682 1107 738 de
1126 678 1448 736 huiusmodi
1470 676 1883 732 conuocatione
1903 676 2013 757 iam
2037 678 2284 751 timpana
2303 681 2432 752 pul·

382 784 509 830 sent
536 784 594 831 et
623 776 766 832 festa
792 778 1209 835 concelebrent.
1243 778 1653 832 Verumtamen
1683 773 1731 829 si
1766 775 1838 829 ad
1866 773 2113 847 singula,
2144 775 2293 831 sicut
2333 794 2431 832 ve·

383 881 557 926 stram
596 873 762 930 decet
793 891 897 945 pro
935 873 1048 930 fide
1085 871 1541 938 sollicitudinem,
1573 869 1721 925 Rmi.
1768 872 1990 938 PatreS,
2034 871 2436 943 perspexeritis

385 967 833 1040 Malagucinum‚
862 970 955 1025 cui
1001 979 1192 1026 vestro
1230 967 1462 1039 imperio
1491 976 1712 1022 tantum
1751 976 1809 1022 et
1843 976 2002 1022 motu
2043 968 2269 1039 proprio
2295 986 2435 1024 cura

386 1064 706 1137 Morbegnii
732 1075 1007 1138 perpetuo
1035 1066 1140 1120 fuit
1168 1064 1484 1131 interdicta,
1517 1064 1841 1120 nullatenus
1869 1063 2181 1120 admittetis
2214 1066 2432 1122 haben-

386 1168 499 1215 tem
526 1160 801 1232 optimum
830 1162 1019 1219 Alebii
1047 1162 1395 1218 beneffitium
1424 1159 1788 1232 ligurientem
1818 1160 1887 1215 ad
1916 1158 2070 1214 aliud
2110 1159 2291 1215 inuito
2330 1179 2433 1232 po-

386 1255 540 1326 pulo,
580 1267 912 1329 magnatum
947 1276 1141 1313 auram
1178 1266 1519 1329 captantem,
1554 1265 1775 1311 tantum
1812 1257 2019 1312 famam
2046 1266 2293 1312 vestram
2330 1257 2433 1312 eli·

385 1353 520 1409 dere
555 1352 916 1425 gestientem,
967 1354 1265 1409 mendatiis
1312 1353 1607 1420 initentem
1652 1361 1711 1408 et
1758 1352 2074 1421 fraudibus;
2107 1352 2317 1409 intrare
2353 1354 2437 1425 (ut

386 1447 602 1519 reliqua
649 1451 955 1521 taceamus)
1002 1451 1441 1507 contendentem
1489 1449 1548 1503 in
1586 1448 1736 1504 ouile
1770 1449 1967 1504 ouium
2005 1449 2234 1505 aliunde
2262 1468 2433 1520 quam

384 1562 484 1615 per
511 1544 742 1612 ostium,
775 1545 872 1616 qui
899 1555 986 1601 est
1015 1548 1179 1617 Xps,
1206 1546 1302 1618 qui
1323 1555 1409 1600 est
1438 1544 1667 1612 ueritas,
1700 1545 1797 1616 qui
1826 1545 2112 1603 neminem
2146 1546 2305 1613 fallit,
2337 1546 2436 1617 qui

381 1659 493 1696 non
530 1641 823 1709 mentitur,
855 1642 953 1713 qui
980 1660 1079 1700 rex
1107 1661 1307 1714 regum
1335 1642 1494 1699 uenit
1519 1643 1592 1699 ad
1611 1660 1717 1698 nos
1736 1651 2092 1710 mansuetuS,
2118 1642 2215 1713 qui
2242 1643 2435 1698 mondi

386 1736 559 1793 huius
587 1738 782 1810 ellegit
810 1738 1023 1808 infima,
1056 1739 1220 1794 fortia
1247 1740 1624 1808 confundenS,
1657 1739 1755 1811 qui
1783 1739 1941 1795 uenit
1966 1748 2296 1812 peccatores
2323 1740 2436 1795 sal-

382 1851 490 1889 uos
527 1835 734 1900 facere,
775 1853 890 1890 non
925 1836 1180 1907 perdere,
1219 1835 1312 1890 cui
1347 1836 1524 1892 decus
1566 1844 1624 1892 et
1661 1834 1958 1906 imperium
2003 1835 2431 1907 sempiternum.

499 1931 619 1985 Nec
663 1931 917 1986 damnari
963 1940 1146 2003 potest
1200 1932 1363 2004 (sicut
1416 1931 1691 2002 quosdam
1737 1931 2079 2003 audiuimus)
2131 1933 2433 2004 plusquam

397 2036 593 2082 sancta
618 2027 836 2083 sanctio
862 2036 1070 2094 vestra,
1101 2046 1268 2098 quam
1298 2027 1630 2097 rectissime,
1659 2036 1859 2083 sancto
1884 2027 2102 2099 Spiritu
2121 2045 2431 2100 cooperan-

392 2131 467 2190 te,
498 2111 799 2195 peregistls
824 2142 927 2195 pro
954 2123 1076 2179 iure
1103 2124 1497 2196 praesentandi
1523 2124 1688 2180 nobis
1715 2123 1986 2180 radicitus
2005 2123 2286 2181 inherenti
2311 2126 2404 2196 ple
2429 2163 2435 2167 -

387 2218 542 2274 narie
568 2219 854 2275 restituto.
887 2221 1223 2276 Nullatenus
1250 2221 1399 2278 enim
1428 2222 1664 2278 abbates
1689 2221 1815 2276 illos
1841 2238 2029 2292 neque
2059 2222 2292 2276 fondum
2330 2239 2432 2293 pro

385 2314 627 2372 ecclesia
662 2315 843 2371 sancti
878 2317 1106 2372 Martini
1139 2319 1539 2385 construenda,
1571 2336 1758 2390 neque
1786 2317 1924 2389 quid
1962 2317 2116 2374 aliud
2142 2337 2247 2390 pro
2275 2317 2429 2374 eius-

384 2412 513 2467 dem
559 2411 798 2469 ecclesie
830 2414 1250 2469 constructione
1298 2415 1389 2470 uel
1427 2416 1564 2472 dote
1598 2414 1824 2472 dedisse
1857 2414 2234 2486 comperietur
2262 2458 2273 2481 ,
2318 2414 2432 2469 imo

383 2506 430 2561 si
458 2507 762 2579 quicquam
790 2509 1029 2566 ecclesie
1055 2509 1159 2581 ipsi
1188 2510 1509 2566 reddituum
1538 2510 1767 2567 nomine
1795 2512 1888 2567 uel
1927 2509 2278 2567 oblationum
2316 2521 2433 2567 tra-

383 2602 565 2659 ditum
594 2614 701 2671 est,
732 2614 830 2661 aut
865 2624 898 2660 a
934 2605 1175 2677 singulis
1202 2617 1456 2662 nostrum
1495 2607 1799 2678 quotannis
1836 2606 2148 2664 effunditur
2182 2625 2284 2679 pro
2317 2608 2432 2663 cle-

385 2698 485 2755 rici
511 2700 849 2772 parochialis
874 2702 1307 2769 sustentatione,
1339 2703 1433 2759 illa
1459 2723 1574 2759 non
1601 2706 1672 2760 ab
1701 2704 2026 2773 abbatibus,
2049 2705 2151 2761 sed
2178 2705 2250 2761 ab
2271 2714 2402 2761 ante
2418 2737 2431 2743 -

385 2795 705 2852 cessoribus
750 2797 962 2853 nostris
988 2807 1045 2853 et
1072 2817 1104 2853 a
1131 2799 1294 2854 nobis
1323 2801 1514 2855 oblata
1539 2811 1674 2856 sunt
1700 2810 1759 2856 et
1785 2802 2120 2857 offeruntur.
2165 2802 2425 2873 Quapro-

387 2901 508 2963 pter
528 2892 788 2964 quamuis
807 2892 1146 2964 aliquotiens
1164 2894 1284 2950 iure
1305 2896 1618 2952 collationis
1640 2897 1845 2953 tradita
1863 2896 2034 2953 fuerit
2050 2897 2122 2953 ab
2142 2897 2250 2952 illis
2269 2897 2434 2952 istius

385 2988 625 3045 ecclesie
668 3006 834 3058 cura,
873 2989 932 3045 id
968 3000 1155 3047 tamen
1192 3011 1303 3046 non
1340 3004 1529 3047 actum
1565 3011 1690 3049 esse
1716 3002 1916 3050 contra
1951 2994 2131 3050 nostri
2166 2994 2434 3050 uolunta-

390 3094 500 3140 tem
528 3085 865 3142 ostenditur.
899 3088 1085 3152 Unde,
1116 3087 1162 3141 si
1191 3107 1252 3141 se
1281 3089 1526 3144 munitos
1555 3089 1996 3162 praescriptione
2031 3090 2432 3162 praetendunt,

385 3198 489 3235 nos
521 3181 730 3253 pariter
757 3182 959 3239 eodem
990 3185 1256 3254 temporis
1283 3185 1465 3256 spatio
1495 3204 1784 3257 nunquam
1819 3186 2088 3244 habuisse
2123 3187 2433 3259 parochum

385 3277 456 3332 ad
483 3286 804 3334 nostrarum
832 3278 1088 3351 regimen
1117 3279 1430 3336 animarum
1468 3292 1666 3339 contra
1701 3282 1894 3355 populi
1929 3292 2065 3339 uota
2103 3283 2276 3338 fultos
2311 3300 2438 3339 esse

387 3373 827 3443 praetendimus»,
858 3391 990 3430 cum
1019 3376 1173 3430 nulla
1201 3376 1346 3433 inter
1373 3387 1677 3449 utrumque
1699 3397 1893 3435 casum
1921 3378 2267 3435 diuersitatis
2297 3377 2439 3433 ratio

387 3469 542 3526 reddi
566 3469 763 3542 possit,
788 3469 964 3526 nisisi
986 3482 1307 3543 spectemus
1329 3473 1550 3529 initium
1575 3476 1673 3531 rei.
1693 3478 1800 3549 Jus
1821 3475 1986 3531 nobis
2004 3484 2111 3543 est,
2136 3474 2185 3531 si
2203 3491 2435 3530 succes·—

385 3583 510 3620 sum
542 3566 716 3632 fauet,
748 3566 970 3638 equitas
998 3578 1054 3623 et
1082 3569 1468 3641 praescripti03
1500 3571 1802 3627 abbatibus
1823 3581 2014 3627 autem
2035 3571 2193 3644 rigor
2213 3580 2434 3626 tantum

385 3660 608 3716 decursi
639 3661 908 3734 temporis
933 3662 1241 3734 opitulatur
1268 3675 1325 3719 et
1355 3665 1411 3719 in
1439 3684 1662 3723 omnem
1691 3677 1963 3724 euentum
1992 3685 2260 3740 peruersa
2290 3677 2434 3724 tem-

385 3775 548 3827 pora,
598 3776 914 3815 consensus
948 3759 1173 3831 populi3
1220 3760 1592 3817 edificationis
1625 3763 1864 3821 ecclesie
1900 3764 2008 3821 Dei
2044 3764 2186 3819 ratio
2228 3774 2286 3820 et
2331 3763 2434 3817 de-

386 3853 714 3908 structionis
748 3854 1015 3912 euitande
1050 3857 1394 3911 multitudini
1419 3859 1600 3929 magis
1630 3860 1821 3916 fauere
1862 3878 2031 3932 quam
2068 3859 2201 3916 huic
2229 3857 2431 3931 juueni
