2638 4334
433 337 523 396 678
1051 340 1348 387 Emsroun
1380 336 1740 396 Mune—733

374 482 510 519 num
538 464 926 538 redemptione
950 465 1208 540 captiuos
1235 477 1458 522 nostros
1499 465 1775 522 redimere
1814 466 2110 533 vellemus,
2141 467 2413 523 vexillum

374 577 446 617 ex
470 577 626 616 more
650 560 985 630 erexissent,
1010 562 1249 619 fecimus
1277 563 1429 633 quod
1450 561 1505 615 in
1528 561 1694 616 nobis
1723 561 1852 628 fuit,
1874 570 1938 617 vt
1958 578 2030 632 30
2048 580 2252 619 aureos
2270 580 2412 619 con-

372 657 653 724 flaremus,
683 666 744 715 et
767 659 874 715 hos
896 667 1147 725 mutuOS,
1179 658 1386 730 quibus
1412 657 1786 712 redimeretur
1811 658 1986 713 frater
2010 666 2071 715 et
2103 660 2277 716 Pater
2302 677 2407 715 no-

372 760 504 809 ster.
530 753 646 810 Sed
673 762 887 822 turcae,
917 771 1048 810 cum
1076 755 1314 827 primum
1343 754 1499 808 illum
1534 752 1732 808 licitati
1766 762 1957 810 essent
1991 753 2410 827 quinquaginta

372 848 580 916 aureiS,
610 857 829 921 postea,
858 851 1205 924 poenitentia
1240 850 1395 905 ducti
1433 848 1645 922 (nescio
1673 867 1843 920 quam
1877 851 1950 904 ob
1983 851 2255 922 causam),
2295 860 2408 907 tre-

372 953 571 1001 centos
596 953 696 1001 aut
721 942 1167 1019 quadringentos
1193 965 1395 1003 aureos
1421 954 1821 1018 poposcerunt.
1847 947 2063 1017 Itaque,
2089 965 2151 1003 re
2177 946 2408 1015 infecti,

373 1041 468 1096 illa
494 1049 664 1097 nocte
689 1042 1092 1111 discesserunt,
1117 1044 1463 1099 abducentes
1490 1050 1660 1112 atque
1687 1042 1999 1099 auellentes
2019 1060 2053 1097 a
2079 1061 2171 1100 me
2196 1042 2415 1099 viscera

374 1154 519 1195 mea.
546 1139 871 1195 Admonere
897 1140 1291 1211 paternitatem
1321 1149 1475 1193 tuam
1503 1156 1569 1193 ac
1595 1138 1786 1195 dicere
1805 1138 1943 1209 quid
1972 1139 2126 1195 factu
2152 1157 2297 1211 opus
2317 1138 2411 1207 sit,

375 1250 489 1288 non
515 1242 604 1289 est
629 1252 841 1303 meum,
872 1235 968 1306 qui
998 1235 1054 1289 in
1083 1235 1344 1290 omnibus
1371 1253 1496 1290 sum
1524 1234 1687 1306 inops
1715 1234 2049 1306 prudentiae
2083 1243 2141 1292 et
2167 1234 2409 1290 consilii.

377 1331 547 1387 Pater
577 1332 651 1387 M.
684 1331 959 1387 Alfonsus
985 1333 1298 1397 Salmeron,
1332 1340 1391 1385 vt
1419 1331 1556 1385 mihi
1583 1331 1743 1397 dixit,
1774 1331 1970 1387 scribit
2004 1332 2077 1387 ad
2104 1331 2413 1403 paternita-

377 1434 512 1493 tem,
537 1428 844 1485 ostendens
865 1446 977 1499 qua
996 1428 1210 1484 ratione
1232 1431 1371 1484 haec
1394 1427 1706 1500 redemptio
1725 1428 1848 1485 fieri
1870 1427 2064 1499 possit.
2092 1430 2238 1501 Eg0,
2257 1430 2414 1499 quod

375 1532 641 1594 expectet
685 1525 757 1578 ad
803 1524 1141 1602 audiendam
1193 1526 1476 1595 quandam
1527 1525 1969 1593 confessionem,
2018 1542 2134 1580 non
2185 1542 2431 1596 possum,

376 1618 538 1689 plura
581 1618 845 1676 scribere.
889 1622 1058 1676 Pater
1105 1624 1181 1676 Μ.
1225 1623 1428 1676 Petrus
1466 1621 1694 1677 Canalis
1739 1621 1924 1676 fusius
1962 1620 2206 1693 scripsit,
2251 1621 2416 1677 cuius

376 1713 573 1770 literae
600 1724 768 1770 erunt
793 1716 919 1772 vice
945 1717 1214 1788 epistolae
1241 1718 1513 1790 longioris
1546 1720 1582 1773 ¹.
1609 1720 1698 1774 Ac
1732 1717 1814 1773 sic
1841 1717 1998 1784 finio,
2028 1726 2229 1790 petens
2255 1737 2289 1774 a
2316 1737 2384 1789 pa
2402 1750 2416 1757 -

378 1810 641 1867 temitate
670 1821 767 1868 tua
794 1812 1245 1870 benedictionem
1266 1824 1437 1885 atque
1459 1814 1745 1871 orationes
1764 1833 1867 1887 pro
1894 1814 2036 1872 meis
2057 1823 2141 1870 tot
2166 1823 2226 1871 et
2246 1814 2417 1870 tantis

379 1906 646 1979 peccatis.
699 1908 939 1980 Neapoli
985 1909 1163 1981 pridie
1204 1910 1532 1966 Natiuitatis
1578 1919 1810 1967 sanctae
1848 1910 2097 1966 Domini.
2143 1910 2420 1983 Indignus

379 2002 530 2058 filius
569 2003 925 2076 paternitatis
953 2015 1103 2071 tuae,

1516 2106 1821 2177 JOANNES,
1864 2105 2111 2161 Flander
2142 2104 2185 2159 ¹.

491 2194 811 2269 Inscriptio:
839 2196 875 2270 †
894 2198 972 2253 Al
991 2199 1163 2253 molto
1187 2198 1320 2254 R.d0
1342 2208 1535 2254 nostro
1558 2201 1742 2256 Padre
1762 2220 1835 2257 en
1858 2202 1984 2257 Iesu
2008 2198 2131 2267 X.⁰,
2156 2201 2208 2258 el
2233 2200 2418 2256 Padre

382 2293 460 2349 Μ.
502 2291 724 2364 Ignatio
769 2293 842 2350 de
876 2294 1117 2364 Loyola,
1158 2295 1439 2366 preposito
1479 2298 1747 2368 generale
1781 2297 1909 2352 dela
1949 2296 2306 2369 Compagnia
2347 2298 2420 2351 de

376 2389 535 2461 Jesu.
569 2389 655 2443 En
682 2390 883 2444 Roma.

496 2485 630 2540 Alia
655 2501 858 2540 manu:
891 2502 910 2541 1
923 2499 1048 2557 553.

1324 2688 1468 2740 ⁷38

962 2790 1328 2839 DOMENECH
1361 2794 1442 2838 ET
1476 2793 1839 2844 COUDRETO

847 2889 1080 2945 PATRI
1112 2891 1398 2962 JOANNI
1440 2894 1541 2946 DE
1582 2893 1961 2950 POLANCO

890 3008 1173 3045 nussum
1208 3001 1272 3044 26
1305 3011 1660 3048 nscsunms
1698 3002 1832 3061 1553
1863 3003 1899 3049 ¹.

385 3094 563 3139 lterum
585 3093 647 3139 de
670 3095 962 3141 monasterio
985 3095 1520 3156 Ascensionis.-—Quas
1547 3106 1707 3158 partes
1731 3101 1779 3146 in
1809 3102 1899 3147 hoc
1927 3101 2128 3160 negotio
2149 3101 2423 3160 susceperit

472 3167 775 3213 Domeuech.
799 3192 857 3203 —
873 3167 1068 3215 Indoles
1103 3172 1582 3217 mamertinorum.—-
1604 3173 1823 3219 Aliorum
1862 3175 2088 3235 exempla
2104 3167 2153 3220 in
2179 3173 2422 3221 similibus

471 3255 655 3287 causis.

1382 3344 1418 3415 ,ι-

495 3450 671 3505 Molto
699 3449 838 3506 R.do
865 3450 923 3506 in
951 3450 1058 3507 X.⁰
1092 3453 1289 3509 Padre.
1325 3455 1442 3509 Pax
1469 3455 1700 3510 Christi.
1734 3458 1938 3528 Quelle
1965 3457 2021 3513 di
2051 3457 2123 3514 V.
2156 3458 2223 3513 R.
2254 3456 2313 3512 di
2357 3457 2427 3511 26

527 3566 588 3573 *—

427 3672 431 3677 ,
474 3624 487 3651 ·
551 3624 675 3671 Vide
697 3625 847 3686 epist.
877 3627 1195 3688 superiorem.

470 3701 488 3726 ¹
551 3698 632 3744 Sic
655 3713 801 3759 saepe
823 3700 1052 3748 Cuvillou
1074 3702 1306 3762 epistolas
1329 3705 1691 3754 subscribebat.

469 3773 488 3798 ⁸
552 3773 621 3817 Ex
652 3776 970 3835 autographo,
994 3790 1137 3821 manu
1160 3777 1215 3822 Ρ.
1250 3778 1504 3824 Annibalis
1540 3778 1600 3824 da
1623 3780 1871 3828 Coudreto
1909 3790 2126 3839 exarato,
2151 3782 2200 3828 in
2224 3783 2326 3829 vol.
2358 3782 2424 3837 D,

384 3841 565 3903 duplici
589 3845 719 3903 folio,
744 3862 794 3892 n.
828 3858 902 3906 25,
925 3849 1057 3909 prius
1085 3849 1184 3908 164,
1214 3852 1314 3908 165.
