2638 4334
1040 241 1094 286 16
1126 241 1338 287 Amans
1375 241 1488 299 1553
2139 260 2225 307 255

1189 543 1343 596 585

805 672 1208 719 EVERARDUS
1241 671 1721 718 MERCURIANUS

704 793 937 848 PATR1
969 793 1260 865 JoANNJ
1299 793 1403 847 DE
1446 763 1824 847 POLANco

888 935 1115 972 PERusm
1142 925 1196 970 16
1216 934 1431 971 APRILIS
1458 923 1571 982 1553
1594 924 1607 950 ¹
1622 958 1634 970 .

236 1047 418 1095 Dolore
454 1045 662 1091 afficitur
699 1060 761 1091 ex
797 1046 983 1104 perlato
1019 1044 1192 1091 nuntio
1223 1044 1284 1090 de
1323 1046 1492 1090 morbo
1524 1044 1620 1089 Sti.
1662 1044 1903 1103 Parentis,
1941 1061 2087 1106 quern
2123 1049 2288 1095 firmae

326 1121 522 1167 restitui
541 1119 749 1166 sanitati
780 1119 1289 1180 exoptatt-Collegio
1327 1119 1471 1165 sedes
1501 1125 1636 1165 certa
1665 1120 1948 1165 attribuitur
1978 1128 2028 1166 et
2058 1126 2289 1183 templum

326 1203 590 1255 utcumque
611 1195 1258 1253 concinnatum.—Urgetur
1280 1209 1423 1254 opus.

1243 1315 1279 1387 ,Γ

351 1437 434 1492 La
459 1434 644 1507 gratia
687 1443 746 1491 et
779 1452 917 1505 pace
950 1436 1022 1490 de
1048 1436 1148 1490 X.⁰
1176 1436 1248 1489 N.
1289 1436 1409 1491 S.re
1443 1433 1526 1488 sia
1571 1453 1793 1506 sempre
1829 1443 1887 1491 et
1933 1453 2127 1491 cresca
2160 1438 2292 1491 nelli

239 1531 399 1586 cuori
418 1530 616 1586 nostri.
631 1530 768 1586 R.d0
789 1531 845 1585 in
869 1533 966 1587 >C
993 1532 1193 1586 Padre.
1208 1530 1628 1587 Ricceuessimo
1646 1531 1832 1600 quelle
1853 1532 1925 1587 de
1946 1533 2018 1586 V.
2039 1534 2104 1587 R.
2132 1533 2190 1586 d’
2218 1535 2247 1586 8
2272 1535 2290 1560 ²

240 1628 334 1684 del
368 1635 653 1698 presente,
684 1645 785 1698 per
818 1628 871 1682 le
905 1626 1057 1697 quali
1091 1626 1498 1684 intendessimo
1532 1628 1681 1683 della
1706 1626 2135 1698 indispositione
2169 1647 2295 1684 cor-

243 1725 434 1795 porale
468 1725 561 1780 del
608 1726 675 1778 P.
726 1725 962 1792 NostrO,
1001 1732 1059 1779 et
1102 1724 1239 1795 pero
1285 1724 1434 1778 della
1468 1723 1639 1779 uisita
1673 1725 1780 1780 che
1827 1725 1882 1779 fa
1921 1723 1960 1777 il
1987 1726 2110 1781 S.re
2140 1726 2296 1780 Iddio

242 1840 277 1876 a
305 1830 455 1876 tutta
491 1821 545 1875 la
590 1820 964 1893 Compagnia.
992 1820 1062 1876 Ci
1108 1822 1452 1877 sforzaremo
1498 1821 1783 1893 pregarlo,
1826 1829 2042 1892 patrem
2079 1822 2297 1878 miseri-

242 1916 565 1973 cordiarum
594 1925 653 1973 et
677 1919 866 1972 Deum
894 1916 1070 1972 totius
1103 1916 1527 1984 consolationis,
1560 1918 1580 1946 ³
1602 1918 1694 1972 ch’
1731 1915 1941 1971 habbia
1975 1902 2297 1973 misericor-

242 2013 339 2084 dia
383 2014 455 2068 de
493 2022 695 2084 questa
728 2031 868 2069 suoa
903 2013 1260 2086 Compagnia
1294 2022 1351 2071 et
1385 2014 1458 2069 de
1493 2022 1591 2070 tan
1623 2014 1797 2070 molte
1830 2013 2017 2069 anime
2052 2014 2110 2068 in
2140 2023 2297 2070 tanto

246 2110 513 2182 pericolo.

360 2208 444 2262 La
482 2205 785 2261 settimana
818 2214 1046 2278 passata
1092 2208 1252 2263 uolse
1285 2206 1326 2260 il
1358 2206 1556 2278 signor
1599 2205 1813 2261 vicario
1847 2208 1939 2262 ch’
1977 2207 2297 2263 andassimo

246 2322 359 2359 con
387 2302 519 2358 tutti
544 2302 563 2356 i
589 2302 833 2359 scholari
859 2303 1038 2358 nostri
1064 2322 1098 2358 a
1124 2304 1313 2374 quello
1339 2304 1519 2375 luogo
1547 2302 1642 2376 gia
1661 2305 1976 2376 desegnato
1996 2305 2104 2358 alla
2125 2305 2297 2359 Com·

249 2399 461 2472 pagnia
497 2419 532 2454 a
566 2400 644 2454 tal
677 2401 872 2456 effetto
906 2401 1001 2455 dal
1035 2402 1194 2455 R.1110
1230 2399 1516 2455 cardinale
1549 2408 1749 2456 nostro
1786 2400 2077 2471 perusino,
2120 2401 2156 2454 il
2194 2403 2299 2455 che

245 2498 330 2551 s’e
352 2497 514 2569 fatto,
545 2496 594 2551 si
620 2498 730 2553 ben
755 2498 906 2555 fosse
921 2498 1098 2552 molto
1117 2515 1298 2568 pocco
1324 2505 1620 2565 assettatO,
1645 2506 1704 2553 et
1723 2497 2077 2552 rittrouiamo
2098 2506 2301 2568 questo

246 2593 425 2646 hauer
458 2609 575 2646 non
620 2591 781 2662 pocci
816 2591 1036 2664 segnali
1070 2592 1218 2647 della
1250 2590 1676 2663 dispensatione
1709 2591 1905 2646 diuina
1941 2593 2128 2663 (come
2164 2594 2299 2663 pero

247 2704 310 2741 se
330 2686 445 2758 puo
464 2688 537 2742 da
556 2687 653 2741 noi
671 2687 1003 2759 giudicare),
1019 2689 1072 2743 la
1091 2689 1258 2759 quale
1278 2686 1643 2743 n’habbiamo
1652 2689 1827 2742 molto
1849 2688 1922 2742 da
1941 2687 2294 2759 ringratiare,

251 2792 311 2840 et
336 2783 484 2855 dopo
510 2785 565 2838 la
592 2782 726 2841 S‚ria
773 2786 846 2841 de
871 2785 1029 2840 detto
1057 2785 1286 2841 vicario,
1319 2786 1378 2842 S'
1400 2785 1432 2840 e
1458 2783 1740 2840 caminato
1767 2785 1916 2840 nella
1946 2784 2157 2839 fabrica
2191 2803 2300 2839 con

254 2880 351 2952 pisi
395 2881 541 2936 assai
586 2882 878 2938 destrezza
922 2891 982 2937 et
1025 2882 1424 2954 gagliardezza
1475 2883 1583 2936 che
1621 2881 1828 2948 inanzi,
1880 2881 1938 2935 in
1993 2883 2099 2936 che
2150 2883 2299 2935 hano

254 2977 490 3049 giouato
510 2977 590 3050 gli
611 2979 816 3035 fratelli
836 2979 1016 3034 nostri
1037 2978 1190 3046 tutti,
1214 2996 1329 3033 non
1350 2997 1458 3034 con
1479 2979 1533 3033 la
1549 2979 1668 3033 sola
1681 2978 1985 3050 presentia,
2010 2997 2101 3032 ma
2121 2980 2299 3033 anche

254 3075 546 3129 mettendo
593 3060 728 3129 t‘utti
770 3076 826 3131 la
864 3094 1030 3131 mano
1070 3076 1178 3131 alla
1222 3084 1405 3147 pasta,
1447 3076 1519 3131 de
1566 3075 1676 3130 tale
1718 3076 1962 3142 feruore,
2001 3076 2105 3128 che
2141 3073 2297 3127 molti

256 3179 415 3225 tanto
448 3190 522 3228 ne
566 3181 869 3227 restauano
913 3172 1132 3244 stupiti,
1161 3181 1376 3243 quanto
1423 3174 1680 3229 uedeano
1724 3173 1937 3242 l’opera
1977 3188 2196 3226 crescer
2242 3179 2300 3223 et

251 3268 432 3323 hauer
464 3285 758 3325 successo,
798 3270 870 3323 Et
904 3278 1107 3339 questa
1141 3268 1442 3325 settimana
1482 3270 1806 3334 haueremo,
1839 3267 2097 3338 piacente
2131 3266 2183 3319 al
2205 3264 2293 3321 Si-

253 3382 454 3434 gnore,
503 3364 599 3436 gia
644 3366 698 3419 la
742 3365 955 3423 chiesia
1002 3374 1313 3436 utcumque
1359 3364 1809 3437 apparecchiata,
1860 3365 1953 3419 nel
2000 3362 2091 3417 cui
2137 3379 2299 3415 muro

251 3477 419 3515 uerso
463 3461 612 3516 della
656 3461 851 3533 piazza
885 3464 959 3518 ha
996 3463 1137 3517 fatto
1172 3480 1340 3534 porre
1384 3461 1423 3517 il
1457 3463 1616 3519 detto
1654 3461 1886 3533 signore
1939 3458 2149 3513 vicario
2186 3476 2300 3512 una

348 3620 362 3646 ¹
425 3618 499 3662 Ex
521 3620 822 3678 autographo
845 3619 895 3664 in
918 3620 1017 3664 vol.
1042 3620 1106 3678 D,
1130 3619 1275 3664 unico
1297 3619 1433 3677 folio,
1455 3635 1503 3665 n.
1534 3602 1634 3675 110,
1660 3618 1791 3678 prius
1814 3628 1892 3674 47.

346 3695 365 3719 ²
428 3691 591 3737 Dubia
612 3693 776 3738 lectio:
802 3694 901 3752 legi
923 3693 1054 3738 enirn
1076 3701 1240 3753 potest
1261 3694 1291 3739 6
1314 3696 1391 3739 vel
1414 3695 1463 3739 8.

352 3767 370 3792 ³
430 3777 466 3811 11
489 3766 571 3810 An
593 3766 722 3812 Con.
747 3778 782 3822 1,
806 3766 851 3814 3.
