2638 4334
430 346 517 392 226
1043 345 1340 392 Ermoms
1372 341 1582 387 Mutus
1600 365 1637 374 -
1651 339 1738 396 578

364 473 746 541 ritualmente,
776 470 1131 545 aggiutando
1156 486 1364 525 ancora
1391 467 1479 522 col
1506 463 1799 537 conseglio
1831 464 1887 521 al
1913 464 2242 536 temporale.
2274 466 2407 537 Qua

365 569 462 641 gia
487 571 533 625 s’
563 568 762 624 bauria
785 568 921 624 dato
946 565 1222 639 principio
1248 586 1283 621 a
1309 565 1385 620 tal
1412 581 1573 634 opra,
1612 561 1819 632 perche
1857 559 1896 615 il
1922 559 2154 632 signore
2187 578 2405 633 gouer·

364 675 529 722 nator
574 682 687 721 con
732 664 772 720 li
816 662 942 720 suoi
987 662 1187 736 gentil'
1235 658 1509 723 huomini,
1559 666 1616 713 et
1662 654 1789 711 altri
1835 655 1982 712 assai
2026 658 2175 712 della
2210 657 2406 715 Bastia

361 762 422 823 d'
450 761 588 834 ogni
613 759 959 828 conditione,
981 768 1039 814 et
1061 755 1415 813 moltitudine
1434 754 1490 808 di
1511 752 1771 824 vergine,
1793 760 1851 808 et
1869 751 1996 808 suoi
2016 752 2236 825 parenti
2256 750 2397 830 [sic],

363 876 457 914 ma
501 875 637 930 pare
681 874 796 912 non
840 854 925 912 sia
968 853 1294 927 espediente
1338 869 1439 923 per
1488 851 1542 904 la
1593 847 1830 920 ragione
1879 848 2213 920 sopraditta3
2269 852 2398 922 pur'

350 955 436 1011 ·V.
471 954 539 1009 R.
570 952 627 1008 di
654 962 879 1024 questo,
907 961 966 1008 et
998 932 1232 1006 d'altre
1268 966 1400 1004 cose
1438 944 1723 1017 ambigue,
1765 952 1824 1000 et
1860 943 2088 1002 difficile
2125 947 2199 1001 ne
2236 949 2402 1018 potra

362 1051 484 1106 dar'
514 1048 675 1105 auiso
701 1066 803 1120 per
826 1065 889 1104 se
914 1066 949 1103 a
974 1047 1036 1104 S.
1069 1047 1136 1101 R.
1166 1043 1244 1099 dil
1275 1046 1339 1099 P.
1382 1051 1575 1097 nostro
1610 1043 1688 1096 M.
1729 1039 1979 1112 Ignatio,
2017 1041 2402 1114 scriuendogli

363 1145 502 1219 ogni
535 1144 837 1201 settimana
871 1141 1168 1216 triplicate,
1206 1141 1351 1195 com'
1388 1140 1449 1196 S.
1491 1140 1558 1193 R.
1591 1137 1790 1192 ordina
1822 1155 1856 1192 a
1881 1156 2000 1204 me,
2040 1140 2250 1210 perche
2288 1157 2403 1195 non

365 1259 534 1315 posso
561 1242 852 1297 conoscer'
881 1239 936 1295 le
961 1255 1092 1294 cose
1118 1236 1176 1291 in
1204 1235 1518 1307 particolar'
1558 1235 1595 1288 l'
1634 1232 1714 1288 iui
1731 1275 1744 1301 ,
1776 1251 1938 1289 come
1968 1234 2023 1289 fa
2050 1233 2124 1289 lei
2150 1235 2223 1291 da
2261 1235 2372 1291 scri
2391 1267 2404 1275 ·

367 1339 486 1395 uer'
518 1354 618 1409 per
644 1354 753 1392 me.
783 1334 952 1391 Circa
977 1334 1048 1389 de
1075 1332 1261 1404 quella
1287 1333 1377 1387 ch'
1407 1333 1440 1386 e
1467 1330 1525 1384 in
1553 1338 1711 1385 tanto
1733 1330 1967 1397 feruor’,
1998 1338 2058 1386 et
2083 1329 2285 1399 simile,
2308 1349 2403 1387 sa-

365 1433 457 1506 pia
502 1434 609 1488 che
643 1433 680 1487 l'
716 1429 913 1486 habito
948 1447 1061 1485 non
1099 1429 1152 1483 fa
1186 1429 1479 1494 monacha;
1518 1427 1625 1483 che
1659 1443 2082 1498 perseueranno
2114 1445 2222 1499 pur
2255 1428 2403 1484 nelle

362 1546 535 1601 opere
561 1527 780 1595 humili,
809 1536 867 1583 et
893 1523 1231 1582 consessarsi
1257 1524 1478 1579 almeno
1505 1521 1643 1595 ogni
1677 1521 1993 1590 domenica,
2022 1532 2083 1579 et
2107 1522 2399 1596 imparano

362 1644 398 1681 a
424 1642 538 1680 non
566 1624 747 1680 uoler'
773 1623 829 1678 la
854 1640 958 1677 sua
985 1621 1232 1688 uolonta;
1264 1620 1348 1675 fra
1376 1628 1533 1675 tanto
1561 1620 1609 1674 s'
1630 1620 1811 1675 haura
1830 1618 2071 1691 risposta
2090 1619 2184 1675 dal
2203 1630 2400 1676 nostro

368 1720 571 1778 Padre.
603 1720 676 1775 V.
718 1721 787 1775 R.
824 1719 901 1774 ha
931 1717 1079 1772 visto
1110 1718 1218 1773 che
1251 1717 1312 1773 S.
1353 1718 1420 1771 R.
1461 1717 1532 1772 ne
1558 1714 1746 1772 scriue
1772 1717 1880 1773 che
1905 1715 2001 1772 noi
2027 1715 2206 1772 siamo
2239 1716 2398 1788 quini

364 1834 465 1889 per
489 1813 787 1881 uisitatori,
817 1822 875 1870 et
900 1832 997 1885 per
1023 1813 1141 1867 dar'
1179 1811 1571 1868 informatione
1605 1811 2016 1870 minutamente
2040 1811 2120 1868 dil
2148 1821 2317 1881 tutt0,
2360 1813 2399 1868 il

363 1914 472 1969 che
497 1928 676 1985 prego
700 1912 756 1966 lo
783 1910 945 1977 facia,
974 1920 1032 1966 et
1066 1928 1179 1965 non
1213 1926 1313 1981 per
1344 1910 1567 1965 metter'
1604 1907 1665 1964 in
1697 1908 2083 1976 essecutione,
2120 1926 2185 1965 se
2221 1909 2401 1982 prima

365 2025 485 2065 non
509 2009 547 2063 l'
578 2007 907 2064 auisemmo:
938 2007 1054 2062 cosi
1080 2007 1133 2061 le
1158 2023 1291 2062 cose
1317 2006 1644 2061 andaranno
1670 2006 1819 2062 bene
1849 2006 1887 2060 ¹.
1909 2007 2004 2062 Me
2029 2023 2166 2078 pare
2191 2024 2400 2062 ancora

363 2106 473 2161 che
508 2104 565 2159 la
601 2113 794 2159 nostra
830 2101 1100 2157 auttorita
1137 2119 1199 2157 se
1235 2119 1307 2157 ne
1346 2103 1531 2168 bassa,
1561 2110 1620 2157 et
1657 2103 1765 2158 che
1792 2100 1830 2155 il
1868 2101 2176 2174 magnifico
2210 2102 2400 2159 vfficio

363 2199 552 2257 scriue
576 2217 710 2256 cose
735 2199 951 2272 grande
977 2198 1036 2254 in
1062 2207 1256 2254 nostro
1285 2198 1466 2253 fauor'
1497 2198 1550 2253 al
1577 2197 1808 2271 signore
1845 2207 2213 2271 gouernator,
2242 2208 2303 2256 et
2339 2199 2397 2255 di

367 2297 549 2353 Roma
572 2312 780 2352 ancora
803 2293 934 2350 dani
962 2293 1102 2350 R.r11i
1140 2293 1410 2350 cardinali
1441 2296 1633 2350 hanno
1668 2295 1871 2350 uoluto
1908 2295 2036 2352 chel
2061 2305 2223 2367 prete
2246 2296 2396 2352 dalla

365 2390 607 2464 Capraia
633 2407 823 2463 uenga
846 2390 919 2444 da
945 2389 1038 2445 noi
1065 2408 1162 2462 per
1188 2390 1224 2443 l'
1249 2389 1567 2446 ssolution'.
1596 2392 1713 2446 Pur
1739 2389 1779 2445 il
1800 2390 1985 2447 Padre
2004 2390 2143 2463 ogni
2161 2390 2223 2447 di
2245 2391 2396 2448 insta

364 2489 472 2543 che
499 2485 594 2542 noi
620 2484 940 2541 andiamrno
965 2486 1134 2552 bassi,
1164 2503 1325 2543 come
1352 2486 1472 2542 fece
1498 2486 1538 2541 il
1563 2488 1638 2543 N.
1670 2488 1732 2545 S.
1749 2488 1890 2562 Jest'i
1915 2488 2043 2555 X.⁰,
2073 2489 2180 2543 che
2205 2505 2316 2544 con
2343 2489 2399 2544 la

365 2582 626 2656 patienza
649 2591 708 2639 et
732 2581 991 2638 humilita
1016 2582 1151 2654 ogni
1178 2600 1310 2638 cosa
1336 2582 1384 2638 si
1419 2584 1556 2639 fara.

477 2679 661 2735 Tante
687 2678 904 2750 grande
929 2685 986 2733 et
1012 2679 1194 2750 ample
1233 2679 1280 2734 si
1316 2697 1458 2734 sono
1494 2680 1633 2736 fatte
1668 2678 1829 2752 quini
1866 2680 1905 2735 l'
1936 2679 2252 2748 elimosine,
2294 2683 2402 2741 che

363 2774 488 2831 solo
522 2773 581 2829 in
627 2791 741 2829 una
785 2782 985 2844 questa
1027 2776 1132 2831 che
1178 2775 1298 2832 fece
1325 2774 1363 2830 il
1408 2784 1605 2832 nostro
1651 2776 1960 2850 magnifico
2003 2786 2062 2833 et
2106 2776 2400 2835 carissimo

366 2872 443 2928 M.
479 2869 793 2928 Benedetto
819 2869 977 2926 Sauli
1003 2870 1300 2927 Casanoua
1320 2870 1448 2927 colli
1470 2872 1758 2944 magnifici
1782 2875 1863 2931 M.
1894 2871 2077 2931 Lione
2105 2875 2183 2930 Μ.
2212 2875 2399 2932 Bene—

363 2965 582 3023 dettino
615 2965 708 3020 dal
743 2963 909 3031 Pino,
948 2967 1024 3021 Μ.
1067 2965 1291 3021 Giovan
1326 2968 1370 3022 F
1373 2985 1643 3024 ranceseo
1677 2968 2082 3042 Tagliacarne,
2119 2967 2397 3025 intrinsici

363 3061 541 3118 nostri
561 3061 655 3119 nel
681 3061 754 3116 N.
786 3060 873 3126 S.,
903 3061 1009 3117 che
1037 3061 1112 3116 tal
1139 3061 1335 3132 gentil'
1366 3065 1575 3120 huomo
1602 3066 1635 3120 ὲ
1655 3073 1824 3132 stato,
1846 3066 1938 3121 ch'
1963 3083 1996 3120 a
2016 3065 2151 3121 dato
2170 3064 2251 3124 lui
2270 3066 2394 3121 solo

362 3156 509 3215 dieci
529 3155 710 3212 scudi.
728 3156 857 3212 Vna
871 3156 1022 3211 uolta
1043 3155 1357 3228 riportorno
1371 3170 1626 3216 sessanta
1648 3169 1732 3217 tre
1752 3160 1874 3228 lire,
1899 3179 1991 3217 ma
2010 3162 2261 3219 anchora
2278 3180 2392 3217 non

362 3270 459 3310 era
476 3252 639 3309 finita
657 3252 710 3307 la
730 3260 950 3323 questa,
973 3252 1140 3324 dopoi
1167 3272 1280 3309 non
1302 3256 1382 3326 gl'
1411 3258 1485 3310 ho
1512 3258 1729 3328 parlato
1748 3257 1846 3330 pin
1867 3276 2035 3331 sopra
2052 3257 2163 3327 cio,
2187 3260 2396 3330 perche

362 3348 665 3405 caminono
698 3363 871 3403 senza
902 3347 1114 3418 sproni.
1154 3349 1198 3403 Il
1230 3349 1477 3421 Signore
1510 3352 1590 3423 gli
1622 3352 1743 3421 dia,
1781 3370 1942 3411 come
1977 3354 2060 3421 fa,
2099 3353 2233 3411 delli
2271 3354 2395 3411 suoi

455 3476 467 3501 ⁸
532 3471 617 3517 «P.
643 3469 862 3530 Ignatius
884 3470 1062 3516 nostris
1084 3472 1211 3517 serio
1231 3475 1603 3522 commendabat
1626 3484 1678 3523 ut
1709 3478 1954 3525 submisse
1981 3492 2037 3525 se
2056 3486 2314 3538 gererent,
2347 3486 2398 3526 et

365 3553 419 3593 ut
441 3558 681 3592 memores
701 3550 870 3591 essent
889 3544 1017 3605 quod
1040 3553 1281 3606 tamquam
1305 3547 1583 3596 visitatores
1607 3551 1655 3598 in
1677 3551 1929 3600 Corsicam
1952 3552 2090 3600 missi
2106 3560 2294 3611 essent,
2317 3566 2400 3614 po·

365 3619 464 3667 tius
486 3626 539 3665 ut
561 3615 948 3666 informationem
970 3632 1130 3664 rerum
1154 3619 1354 3666 Romam
1380 3624 1784 3684 transmitterent,
1806 3641 1951 3687 quam
1982 3634 2036 3674 ut
2065 3626 2157 3688 ipsi
2186 3642 2398 3690 exeque-

368 3699 536 3739 rentur
562 3705 687 3752 qune
716 3697 911 3738 nonme
933 3690 1222 3752 professioni
1246 3694 1404 3740 minus
1427 3698 1618 3757 propria
1639 3707 1796 3756 erant,
1828 3701 1922 3747 nisi
1950 3700 2085 3763 prius
2116 3701 2274 3762 ipsum
2304 3701 2397 3748 Ro-

368 3780 475 3812 mae
490 3764 853 3814 consuluissent
867 3772 919 3812 et
934 3778 1219 3826 responsum
1235 3769 1558 3828 accepissent,
1573 3773 1722 3832 quod,
1740 3789 1792 3820 re
1809 3789 1922 3821 cum
1930 3774 2272 3823 cardinalibus
2287 3775 2394 3838 qui·

363 3838 567 3886 bundam
592 3846 813 3895 ments,
837 3838 955 3899 ipsis
975 3839 1275 3887 reddendum
1298 3851 1450 3888 erata»
1476 3844 1748 3906 Pontico,
1772 3856 1807 3893 t.
1832 3859 1902 3905 m,
1925 3863 2040 3909 pag.
2076 3859 2178 3909 101,
2199 3864 2249 3897 n.
2278 3849 2383 3897 186.
