2638 4334
380 298 469 345 570
996 285 1297 332 Erret-otu
1327 283 1690 342 xxxma-696

322 420 510 469 mente
534 411 592 467 di
635 410 845 478 donne,
887 412 996 469 che
1040 427 1216 466 erano
1262 411 1507 466 alchune
1551 411 1691 467 hore
1735 410 1844 464 che
1888 425 2033 480 poco
2078 425 2282 466 manco
2307 410 2365 467 la

321 507 509 562 chiesa
536 525 631 563 era
658 505 842 577 piena.
875 507 947 563 Et
966 507 1210 563 alchune
1236 514 1478 562 stauano
1504 523 1604 577 per
1633 504 1807 562 molte
1833 505 1992 571 hore,
2023 505 2164 561 altre
2189 504 2361 561 etiam

320 612 467 657 tutto
488 602 526 656 il
546 602 750 674 giorno
768 620 940 660 senza
965 602 1225 675 partir'se
1251 603 1397 658 dalla
1423 600 1634 668 chiesa,
1665 611 1723 657 et
1749 618 1917 656 sensa
1941 601 2071 657 cibo
2088 602 2355 659 alchuno.

318 697 565 753 Alchuni
591 697 851 753 huomini
877 700 1124 755 anchora
1151 716 1294 776 sono
1319 698 1454 753 stati
1482 706 1630 754 tutta
1657 698 1710 753 13
1737 706 1915 753 notte.
1948 699 2021 753 Et
2052 701 2170 770 par'
2201 707 2362 756 certo

318 797 423 850 che
450 805 651 867 questa
675 812 829 862 cosa,
858 812 969 851 con
988 795 1025 849 l'
1057 795 1196 850 altre
1225 795 1412 852 buone
1437 811 1608 867 opere
1634 796 1741 851 che
1768 794 1816 850 si
1844 795 1996 862 fano,
2020 796 2095 850 ha
2112 803 2279 866 posto
2303 794 2361 850 13

317 900 489 963 gente
515 891 574 946 in
604 892 838 960 feruor',
862 893 970 947 che
997 900 1330 947 monstrano
1355 890 1495 964 ogni
1515 890 1719 964 giorno
1739 891 1839 963 piu
1857 890 2139 948 desiderio
2157 890 2217 947 di
2235 908 2360 947 ser-

318 987 422 1041 uir'
451 1006 486 1043 a
513 987 672 1043 Iddio
700 987 872 1060 quelli
899 987 955 1043 di
991 997 1192 1059 questa
1218 987 1348 1043 cita:
1381 986 1466 1044 sia
1490 988 1548 1043 d'
1583 987 1623 1043 il
1651 997 1800 1043 tutto
1828 987 2165 1060 ringratiata
2190 989 2246 1044 13
2270 987 2361 1043 di-

321 1083 453 1139 uina
479 1085 656 1140 bonta
690 1087 719 1140 ¹.

428 1181 508 1235 La
534 1188 802 1251 partenza
847 1181 940 1238 del
984 1181 1174 1239 vicere
1202 1181 1221 1208 ’
1249 1181 1282 1237 ὲ
1327 1180 1550 1239 incerto
1596 1182 1826 1252 quando
1872 1183 2019 1249 sara,
2057 1181 2281 1237 benche
2310 1180 2361 1235 si

315 1275 482 1331 crede
508 1278 614 1332 che
641 1277 818 1331 molto
846 1295 960 1333 non
979 1280 1145 1350 potra
1167 1278 1376 1334 tardat:
1401 1277 1636 1334 intendo
1657 1279 1710 1334 la
1730 1286 2001 1350 partenza
2028 1276 2088 1331 di
2108 1275 2361 1334 Messina

317 1390 349 1425 a
379 1372 656 1427 Palermo.
1395 1445 1397 1447 ι

428 1469 469 1522 Il
497 1470 564 1523 R.
599 1471 665 1523 P.
697 1469 811 1524 don
839 1469 1061 1542 Elpidio
1088 1471 1107 1498 ⁸
1136 1488 1246 1528 con
1272 1469 1354 1543 gli
1374 1469 1501 1526 altri
1521 1469 1823 1543 compagni
1844 1471 1877 1525 ὲ
1894 1469 2144 1526 arriuato
2162 1469 2223 1525 in
2243 1471 2359 1525 Pa-

317 1563 512 1631 lermo,
543 1573 601 1619 et
627 1564 722 1637 gia
748 1564 787 1620 il
816 1566 1000 1622 Padre
1034 1566 1322 1639 preposito
1349 1567 1370 1594 ⁴
1397 1569 1473 1623 ha
1499 1568 1645 1623 fatto
1672 1566 1906 1623 scriuer'
1936 1567 1990 1621 la
2015 1568 2122 1622 che
2149 1583 2263 1637 qua
2286 1583 2360 1620 ne

317 1677 504 1732 uenga
534 1678 646 1715 una
673 1671 850 1732 parte.
890 1664 1023 1718 Non
1050 1664 1196 1719 altro
1222 1681 1455 1719 occorre
1485 1681 1587 1736 per
1620 1664 1675 1719 la
1713 1673 1997 1735 presente,
2028 1663 2194 1719 sinon
2233 1680 2357 1718 rac-

316 1756 672 1812 comandarci
700 1759 808 1813 alle
853 1758 1093 1816 orationi
1139 1759 1196 1815 di
1224 1762 1290 1816 V.
1341 1762 1410 1816 R.
1451 1762 1518 1816 P.
1551 1759 1625 1816 Di
1668 1759 1916 1817 Messina
1951 1761 2044 1814 all’
2075 1758 2275 1814 ultimo
2300 1759 2358 1813 d'

318 1853 559 1908 Ottobre
595 1867 752 1923 1553.
786 1856 900 1912 Per
933 1856 1330 1913 commissione
1369 1858 1462 1914 del
1508 1858 1575 1912 R.
1625 1859 1691 1912 P.
1745 1857 1856 1912 M.⁰
1896 1858 2207 1929 Jeronymo
2239 1857 2363 1911 Do-

316 1948 612 2023 m[enech].
642 1951 715 2005 D.
750 1952 821 2007 V.
855 1953 923 2008 R.
958 1954 1024 2008 P.
1055 1951 1453 2025 indignissimo
1479 1971 1650 2010 seruo
1677 1952 1735 2008 in
1763 1951 1892 2019 X.⁰,

1276 2050 1600 2106 ANNIBALE
1640 2066 1719 2106 DA
1755 2050 2114 2105 CoUnRETo.

1263 2298 1428 2350 696

740 2401 1331 2451 BARTHOLOMAEUS
1363 2405 1453 2450 DE
1483 2404 1937 2452 BUSTAMANTE

608 2492 913 2548 PATRI
972 2494 1415 2551 IGNATIO
1473 2496 1596 2552 DE
1655 2496 2075 2553 LOYOLA

905 2608 1159 2646 connum
1191 2596 1245 2644 31
1281 2609 1545 2647 ocronms
1580 2598 1695 2659 1553
1726 2602 1763 2644 ³.

316 2688 509 2747 Boi-gia,
532 2691 701 2737 abiens
731 2691 1005 2753 Olisipone,
1037 2696 1246 2740 Eboram
1277 2695 1487 2753 accedit,
1519 2696 1687 2758 ibique
1725 2696 2165 2745 concionatur.—E
2194 2699 2364 2744 Portu·

403 2765 549 2818 gania
578 2765 854 2826 discedens,
877 2767 1289 2815 Villamvitiosam
1311 2770 1534 2828 divertit,
1557 2770 1891 2830 brigantinum
1923 2772 2099 2818 ducem
2131 2773 2366 2819 salutatu·

404 2840 845 2887 rus.—Cordubam
868 2843 1007 2889 venit
1036 2850 1087 2889 et
1117 2844 1167 2889 in
1189 2844 1516 2891 diversorium
1549 2860 1603 2891 se
1635 2845 2025 2906 recipit.-Ii1de
2057 2854 2305 2894 extractus
2336 2862 2366 2893 a

406 2912 716 2970 Villanueva,
738 2916 799 2962 de
822 2917 1117 2964 cordubensi
1139 2919 1351 2978 collegio
1372 2934 1485 2967 cum
1507 2921 1698 2980 Joanne
1727 2920 1790 2967 de
1824 2921 2051 2969 Cordoba
2078 2922 2365 2981 aigin—Hu-

399 2987 480 3043 jus
504 2989 593 3034 viri
625 2990 1253 3039 liberalitaS.-Montillam
1284 2994 1493 3054 accedit,
1516 2993 1850 3054 Catharinam,
1874 2995 2272 3044 marchionissam
2299 2995 2363 3043 de

408 3062 596 3121 Priego,
621 3064 883 3111 invisurus.

1266 3149 1392 3269 Jffs.

431 3302 565 3371 Muy
597 3300 732 3357 R.d0
766 3303 946 3358 Padre
975 3315 1208 3361 nuestro
1235 3324 1307 3362 en
1335 3307 1584 3364 Christo.
1620 3310 1743 3364 Pax
1779 3307 2014 3363 Christi:
2059 3310 2146 3364 En
2183 3309 2237 3365 13
2270 3309 2363 3367 del

409 3427 419 3451 ¹
485 3425 559 3468 (Ἰ.
581 3442 707 3485 quae
726 3428 787 3472 de
805 3429 894 3473 hac
914 3430 1143 3488 precandi
1161 3432 1535 3490 consuetudine,
1555 3434 1660 3479 sive
1680 3432 1917 3492 religione
1937 3432 2104 3478 orandi
2120 3433 2280 3480 Deum
2296 3443 2364 3480 Χῖ.

316 3497 445 3540 horis
467 3501 729 3559 continuis,
752 3502 964 3547 diximus
989 3502 1037 3547 in
1061 3504 1335 3563 POLANCO,
1358 3513 1393 3551 t.
1420 3518 1491 3565 111,
1515 3522 1631 3567 pag.
1667 3507 1768 3566 198,
1792 3514 1964 3553 annot.
1997 3518 2041 3553 1.

405 3574 422 3599 ¹
485 3574 697 3630 joannes
720 3576 780 3619 de
805 3576 966 3634 Vega.

406 3645 423 3669 ⁸
489 3647 704 3705 Elpidius
731 3650 974 3707 Ugoletti.

410 3721 421 3744 ⁸
486 3719 813 3780 Hieronymus
840 3725 1138 3770 Domencch.
1773 3763 1790 3773 .

402 3790 421 3817 ⁸
484 3793 552 3837 Ex
577 3798 875 3855 autographo
897 3797 943 3842 in
971 3800 1064 3843 vol.
1094 3800 1154 3854 D,
1178 3800 1360 3859 duplici
1383 3800 1516 3859 folio,
1542 3817 1589 3847 n.
1621 3803 1691 3859 16,
1715 3804 1848 3863 prius
1872 3814 1978 3863 501,
2001 3814 2108 3861 502.
