<?xml version="1.0" encoding="UTF-8"?>
<!DOCTYPE html PUBLIC "-//W3C//DTD XHTML 1.0 Transitional//EN"
    "http://www.w3.org/TR/xhtml1/DTD/xhtml1-transitional.dtd">
<html xmlns="http://www.w3.org/1999/xhtml" xml:lang="en" lang="en">
 <head>
  <title>
</title>
<meta http-equiv="Content-Type" content="text/html;charset=utf-8" />
  <meta name='ocr-system' content='tesseract 3.04.00' />
  <meta name='ocr-capabilities' content='ocr_page ocr_carea ocr_par ocr_line ocrx_word'/>
</head>
<body>
  <div class='ocr_page' id='page_1' title='image "./epistolaemixtaee03matruoft_0198.png"; bbox 0 0 2638 4334; ppageno 0'>
   <div class='ocr_carea' id='block_1_1' title="bbox 420 302 1729 364">
    <p class='ocr_par' dir='ltr' id='par_1_1' title="bbox 420 302 1729 364">
     <span class='ocr_line' id='line_1_1' title="bbox 420 302 1729 364; baseline -0.003 -13"><span class='ocrx_word' id='word_1_1' title='bbox 420 314 505 364; x_wconf 72' lang='lat'>¹9²</span> <span class='ocrx_word' id='word_1_2' title='bbox 1039 305 1340 351; x_wconf 64' lang='lat' dir='ltr'>prsroun</span> <span class='ocrx_word' id='word_1_3' title='bbox 1369 302 1729 359; x_wconf 62' lang='lat' dir='ltr'>Murra—562</span> 
     </span>
    </p>
   </div>
   <div class='ocr_carea' id='block_1_2' title="bbox 320 426 2407 3586">
    <p class='ocr_par' dir='ltr' id='par_1_2' title="bbox 339 426 2407 2029">
     <span class='ocr_line' id='line_1_2' title="bbox 354 426 2407 505; baseline -0 -17"><span class='ocrx_word' id='word_1_4' title='bbox 354 432 504 490; x_wconf 88' lang='lat' dir='ltr'>belle</span> <span class='ocrx_word' id='word_1_5' title='bbox 547 431 866 505; x_wconf 86' lang='lat' dir='ltr'>gentilezze</span> <span class='ocrx_word' id='word_1_6' title='bbox 896 431 956 489; x_wconf 89' lang='lat' dir='ltr'>di</span> <span class='ocrx_word' id='word_1_7' title='bbox 989 431 1181 505; x_wconf 83' lang='lat' dir='ltr'>questi</span> <span class='ocrx_word' id='word_1_8' title='bbox 1217 430 1409 504; x_wconf 67' lang='lat' dir='ltr'>metti,</span> <span class='ocrx_word' id='word_1_9' title='bbox 1447 449 1560 486; x_wconf 88' lang='lat' dir='ltr'>vna</span> <span class='ocrx_word' id='word_1_10' title='bbox 1593 432 1701 484; x_wconf 92' lang='lat' dir='ltr'>che</span> <span class='ocrx_word' id='word_1_11' title='bbox 1737 429 1897 485; x_wconf 82' lang='lat' dir='ltr'>fecce</span> <span class='ocrx_word' id='word_1_12' title='bbox 1930 426 1969 483; x_wconf 91' lang='lat' dir='ltr'>il</span> <span class='ocrx_word' id='word_1_13' title='bbox 2002 428 2407 487; x_wconf 72' lang='grc' dir='ltr'>10000ῐο000ῢο</span> 
     </span>
     <span class='ocr_line' id='line_1_3' title="bbox 349 524 2406 601; baseline 0 -17"><span class='ocrx_word' id='word_1_14' title='bbox 349 529 411 584; x_wconf 79' lang='lat' dir='ltr'>d’</span> <span class='ocrx_word' id='word_1_15' title='bbox 447 527 645 585; x_wconf 84' lang='lat' dir='ltr'>Aleria</span> <span class='ocrx_word' id='word_1_16' title='bbox 675 527 735 585; x_wconf 91' lang='lat' dir='ltr'>in</span> <span class='ocrx_word' id='word_1_17' title='bbox 767 546 883 586; x_wconf 84' lang='lat' dir='ltr'>vna</span> <span class='ocrx_word' id='word_1_18' title='bbox 917 528 1103 601; x_wconf 80' lang='lat' dir='ltr'><strong>piene,</strong></span> <span class='ocrx_word' id='word_1_19' title='bbox 1141 530 1197 584; x_wconf 86' lang='lat' dir='ltr'>la</span> <span class='ocrx_word' id='word_1_20' title='bbox 1229 529 1397 599; x_wconf 87' lang='lat' dir='ltr'>quale</span> <span class='ocrx_word' id='word_1_21' title='bbox 1442 545 1542 599; x_wconf 86' lang='lat' dir='ltr'>per</span> <span class='ocrx_word' id='word_1_22' title='bbox 1576 533 1733 581; x_wconf 86' lang='lat' dir='ltr'>certe</span> <span class='ocrx_word' id='word_1_23' title='bbox 1780 524 1905 580; x_wconf 86' lang='lat' dir='ltr'>loro</span> <span class='ocrx_word' id='word_1_24' title='bbox 1937 524 2174 597; x_wconf 88' lang='lat' dir='ltr'>perfidie</span> <span class='ocrx_word' id='word_1_25' title='bbox 2217 526 2406 584; x_wconf 80' lang='lat' dir='ltr'>banea</span> 
     </span>
     <span class='ocr_line' id='line_1_4' title="bbox 350 620 2404 696; baseline -0.001 -16"><span class='ocrx_word' id='word_1_26' title='bbox 350 625 713 682; x_wconf 87' lang='lat' dir='ltr'>condennato</span> <span class='ocrx_word' id='word_1_27' title='bbox 736 624 796 680; x_wconf 89' lang='lat' dir='ltr'>in</span> <span class='ocrx_word' id='word_1_28' title='bbox 821 624 965 683; x_wconf 84' lang='lat' dir='ltr'>libre</span> <span class='ocrx_word' id='word_1_29' title='bbox 990 624 1316 696; x_wconf 62' lang='lat' dir='ltr'>sinquanta,</span> <span class='ocrx_word' id='word_1_30' title='bbox 1346 632 1404 679; x_wconf 90' lang='lat' dir='ltr'>et</span> <span class='ocrx_word' id='word_1_31' title='bbox 1437 641 1552 677; x_wconf 88' lang='grc'>000</span> <span class='ocrx_word' id='word_1_32' title='bbox 1587 621 1837 692; x_wconf 88' lang='lat' dir='ltr'>potendo</span> <span class='ocrx_word' id='word_1_33' title='bbox 1868 620 1924 677; x_wconf 92' lang='grc'>10</span> <span class='ocrx_word' id='word_1_34' title='bbox 1957 638 2170 692; x_wconf 87' lang='lat' dir='ltr'>pouere</span> <span class='ocrx_word' id='word_1_35' title='bbox 2197 637 2404 693; x_wconf 84' lang='lat' dir='ltr'>pecco-</span> 
     </span>
     <span class='ocr_line' id='line_1_5' title="bbox 348 715 2405 792; baseline -0.001 -16"><span class='ocrx_word' id='word_1_36' title='bbox 348 721 487 778; x_wconf 87' lang='lat' dir='ltr'>relle</span> <span class='ocrx_word' id='word_1_37' title='bbox 510 721 631 777; x_wconf 86' lang='lat' dir='ltr'>dar&#39;</span> <span class='ocrx_word' id='word_1_38' title='bbox 661 729 822 777; x_wconf 82' lang='lat' dir='ltr'>tanto</span> <span class='ocrx_word' id='word_1_39' title='bbox 846 717 1022 788; x_wconf 85' lang='lat' dir='ltr'>latte,&#39;</span> <span class='ocrx_word' id='word_1_40' title='bbox 1038 738 1139 792; x_wconf 90' lang='lat' dir='ltr'>per</span> <span class='ocrx_word' id='word_1_41' title='bbox 1163 720 1203 775; x_wconf 90' lang='lat' dir='ltr'>il</span> <span class='ocrx_word' id='word_1_42' title='bbox 1228 718 1559 790; x_wconf 88' lang='lat' dir='ltr'>quotidiano</span> <span class='ocrx_word' id='word_1_43' title='bbox 1584 715 1779 772; x_wconf 90' lang='lat' dir='ltr'>succio</span> <span class='ocrx_word' id='word_1_44' title='bbox 1805 717 1915 774; x_wconf 90' lang='lat' dir='ltr'>che</span> <span class='ocrx_word' id='word_1_45' title='bbox 1939 715 1979 772; x_wconf 82' lang='lat' dir='ltr'>li</span> <span class='ocrx_word' id='word_1_46' title='bbox 2009 717 2209 783; x_wconf 67' lang='grc'>10000,</span> <span class='ocrx_word' id='word_1_47' title='bbox 2232 718 2405 774; x_wconf 86' lang='lat' dir='ltr'>furno</span> 
     </span>
     <span class='ocr_line' id='line_1_6' title="bbox 348 811 2401 889; baseline -0 -17"><span class='ocrx_word' id='word_1_48' title='bbox 348 834 450 889; x_wconf 88' lang='lat' dir='ltr'>per</span> <span class='ocrx_word' id='word_1_49' title='bbox 474 825 679 889; x_wconf 88' lang='lat' dir='ltr'>quatro</span> <span class='ocrx_word' id='word_1_50' title='bbox 703 816 874 874; x_wconf 86' lang='lat' dir='ltr'>messi</span> <span class='ocrx_word' id='word_1_51' title='bbox 899 816 1211 883; x_wconf 85' lang='lat' dir='ltr'>interdetti‚</span> <span class='ocrx_word' id='word_1_52' title='bbox 1242 834 1276 871; x_wconf 89' lang='lat' dir='ltr'>e</span> <span class='ocrx_word' id='word_1_53' title='bbox 1296 814 1502 887; x_wconf 85' lang='lat' dir='ltr'>priuati</span> <span class='ocrx_word' id='word_1_54' title='bbox 1522 815 1578 868; x_wconf 93' lang='lat' dir='ltr'>d&#39;</span> <span class='ocrx_word' id='word_1_55' title='bbox 1602 812 1740 885; x_wconf 86' lang='lat' dir='ltr'>ogni</span> <span class='ocrx_word' id='word_1_56' title='bbox 1761 814 1875 868; x_wconf 88' lang='lat' dir='ltr'>ben</span> <span class='ocrx_word' id='word_1_57' title='bbox 1894 811 2190 884; x_wconf 83' lang='lat' dir='ltr'><strong>spirituale</strong></span> <span class='ocrx_word' id='word_1_58' title='bbox 2209 833 2242 871; x_wconf 89' lang='lat' dir='ltr'>e</span> <span class='ocrx_word' id='word_1_59' title='bbox 2262 832 2401 870; x_wconf 87' lang='lat' dir='ltr'>san—</span> 
     </span>
     <span class='ocr_line' id='line_1_7' title="bbox 349 909 2403 984; baseline -0.001 -15"><span class='ocrx_word' id='word_1_60' title='bbox 349 912 537 969; x_wconf 88' lang='lat' dir='ltr'>tisimo</span> <span class='ocrx_word' id='word_1_61' title='bbox 554 923 934 980; x_wconf 84' lang='lat' dir='ltr'>sacramento,</span> <span class='ocrx_word' id='word_1_62' title='bbox 959 930 1283 984; x_wconf 88' lang='lat' dir='ltr'>compresso</span> <span class='ocrx_word' id='word_1_63' title='bbox 1310 911 1396 966; x_wconf 89' lang='lat' dir='ltr'>sin</span> <span class='ocrx_word' id='word_1_64' title='bbox 1419 912 1473 965; x_wconf 90' lang='lat' dir='ltr'>al</span> <span class='ocrx_word' id='word_1_65' title='bbox 1493 911 1769 977; x_wconf 83' lang='lat' dir='ltr'>batesmO,</span> <span class='ocrx_word' id='word_1_66' title='bbox 1794 909 1922 966; x_wconf 93' lang='lat' dir='ltr'>oleo</span> <span class='ocrx_word' id='word_1_67' title='bbox 1941 918 2109 964; x_wconf 88' lang='lat' dir='ltr'>santo</span> <span class='ocrx_word' id='word_1_68' title='bbox 2127 918 2187 966; x_wconf 91' lang='lat' dir='ltr'>et</span> <span class='ocrx_word' id='word_1_69' title='bbox 2204 911 2403 982; x_wconf 89' lang='lat' dir='ltr'>sepul—</span> 
     </span>
     <span class='ocr_line' id='line_1_8' title="bbox 347 1004 2403 1078; baseline -0.001 -12"><span class='ocrx_word' id='word_1_70' title='bbox 347 1019 493 1066; x_wconf 84' lang='lat' dir='ltr'><strong>tura.</strong></span> <span class='ocrx_word' id='word_1_71' title='bbox 518 1008 817 1067; x_wconf 86' lang='lat' dir='ltr'>Consideri</span> <span class='ocrx_word' id='word_1_72' title='bbox 838 1011 978 1065; x_wconf 85' lang='lat' dir='ltr'>hora</span> <span class='ocrx_word' id='word_1_73' title='bbox 996 1010 1051 1064; x_wconf 88' lang='lat' dir='ltr'>la</span> <span class='ocrx_word' id='word_1_74' title='bbox 1078 1009 1223 1064; x_wconf 74' lang='lat' dir='ltr'>R‚tia</span> <span class='ocrx_word' id='word_1_75' title='bbox 1260 1009 1326 1063; x_wconf 87' lang='lat' dir='ltr'>V.</span> <span class='ocrx_word' id='word_1_76' title='bbox 1352 1010 1459 1062; x_wconf 90' lang='lat' dir='ltr'>che</span> <span class='ocrx_word' id='word_1_77' title='bbox 1478 1005 1708 1078; x_wconf 63' lang='lat' dir='ltr'>impieta</span> <span class='ocrx_word' id='word_1_78' title='bbox 1729 1004 1870 1061; x_wconf 87' lang='lat' dir='ltr'>fussi</span> <span class='ocrx_word' id='word_1_79' title='bbox 1891 1004 1950 1060; x_wconf 89' lang='lat' dir='ltr'>di</span> <span class='ocrx_word' id='word_1_80' title='bbox 1970 1006 2159 1077; x_wconf 85' lang='lat' dir='ltr'>quelle</span> <span class='ocrx_word' id='word_1_81' title='bbox 2185 1024 2403 1078; x_wconf 88' lang='lat' dir='ltr'>pouere</span> 
     </span>
     <span class='ocr_line' id='line_1_9' title="bbox 341 1101 2396 1177; baseline -0.002 -14"><span class='ocrx_word' id='word_1_82' title='bbox 341 1106 549 1175; x_wconf 86' lang='lat' dir='ltr'>anime,</span> <span class='ocrx_word' id='word_1_83' title='bbox 578 1107 685 1162; x_wconf 88' lang='lat' dir='ltr'>che</span> <span class='ocrx_word' id='word_1_84' title='bbox 711 1123 963 1162; x_wconf 87' lang='lat' dir='ltr'>morsero</span> <span class='ocrx_word' id='word_1_85' title='bbox 987 1105 1047 1160; x_wconf 90' lang='lat' dir='ltr'>in</span> <span class='ocrx_word' id='word_1_86' title='bbox 1074 1104 1206 1177; x_wconf 90' lang='lat' dir='ltr'>quei</span> <span class='ocrx_word' id='word_1_87' title='bbox 1233 1103 1436 1176; x_wconf 90' lang='lat' dir='ltr'>giormi</span> <span class='ocrx_word' id='word_1_88' title='bbox 1458 1101 1771 1168; x_wconf 89' lang='lat' dir='ltr'>interdetti,</span> <span class='ocrx_word' id='word_1_89' title='bbox 1796 1110 1854 1159; x_wconf 91' lang='lat' dir='ltr'>et</span> <span class='ocrx_word' id='word_1_90' title='bbox 1880 1103 1989 1157; x_wconf 89' lang='lat' dir='ltr'>che</span> <span class='ocrx_word' id='word_1_91' title='bbox 2008 1101 2232 1175; x_wconf 82' lang='lat' dir='ltr'>disagio</span> <span class='ocrx_word' id='word_1_92' title='bbox 2251 1102 2396 1159; x_wconf 73' lang='lat' dir='ltr'>{ussi</span> 
     </span>
     <span class='ocr_line' id='line_1_10' title="bbox 342 1175 2393 1274; baseline -0.002 -15"><span class='ocrx_word' id='word_1_93' title='bbox 342 1204 438 1261; x_wconf 86' lang='lat' dir='ltr'>nel</span> <span class='ocrx_word' id='word_1_94' title='bbox 462 1201 708 1274; x_wconf 85' lang='lat' dir='ltr'>sepellir’</span> <span class='ocrx_word' id='word_1_95' title='bbox 737 1175 999 1274; x_wconf 64' lang='lat' dir='ltr'>de¹corpi</span> <span class='ocrx_word' id='word_1_96' title='bbox 1035 1201 1221 1270; x_wconf 87' lang='lat' dir='ltr'>morti,</span> <span class='ocrx_word' id='word_1_97' title='bbox 1261 1200 1619 1272; x_wconf 82' lang='lat' dir='ltr'>bisognando</span> <span class='ocrx_word' id='word_1_98' title='bbox 1658 1201 1765 1254; x_wconf 90' lang='lat' dir='ltr'>che</span> <span class='ocrx_word' id='word_1_99' title='bbox 1799 1198 1893 1254; x_wconf 88' lang='lat' dir='ltr'>nei</span> <span class='ocrx_word' id='word_1_100' title='bbox 1926 1198 2136 1271; x_wconf 86' lang='lat' dir='ltr'>proprij</span> <span class='ocrx_word' id='word_1_101' title='bbox 2169 1198 2393 1255; x_wconf 87' lang='lat' dir='ltr'>homeri</span> 
     </span>
     <span class='ocr_line' id='line_1_11' title="bbox 342 1294 2387 1371; baseline -0.001 -17"><span class='ocrx_word' id='word_1_102' title='bbox 342 1299 559 1356; x_wconf 82' lang='lat' dir='ltr'>fossero</span> <span class='ocrx_word' id='word_1_103' title='bbox 602 1298 910 1371; x_wconf 86' lang='lat' dir='ltr'>rapportati</span> <span class='ocrx_word' id='word_1_104' title='bbox 947 1297 1005 1353; x_wconf 90' lang='lat' dir='ltr'>in</span> <span class='ocrx_word' id='word_1_105' title='bbox 1041 1300 1183 1355; x_wconf 82' lang='lat' dir='ltr'>altre</span> <span class='ocrx_word' id='word_1_106' title='bbox 1218 1298 1370 1364; x_wconf 88' lang='lat' dir='ltr'>ville,</span> <span class='ocrx_word' id='word_1_107' title='bbox 1407 1297 1557 1351; x_wconf 87' lang='lat' dir='ltr'>dalla</span> <span class='ocrx_word' id='word_1_108' title='bbox 1590 1295 1885 1353; x_wconf 88' lang='lat' dir='ltr'>interditta</span> <span class='ocrx_word' id='word_1_109' title='bbox 1928 1297 2197 1352; x_wconf 87' lang='lat' dir='ltr'>lontanae</span> <span class='ocrx_word' id='word_1_110' title='bbox 2239 1294 2387 1352; x_wconf 74' lang='lat' dir='ltr'>dicei</span> 
     </span>
     <span class='ocr_line' id='line_1_12' title="bbox 340 1390 2396 1466; baseline -0.002 -15"><span class='ocrx_word' id='word_1_111' title='bbox 340 1413 377 1451; x_wconf 96' lang='grc'>0</span> <span class='ocrx_word' id='word_1_112' title='bbox 395 1395 598 1453; x_wconf 88' lang='lat' dir='ltr'>dodeci</span> <span class='ocrx_word' id='word_1_113' title='bbox 618 1393 832 1466; x_wconf 89' lang='lat' dir='ltr'>miglia;</span> <span class='ocrx_word' id='word_1_114' title='bbox 856 1397 964 1451; x_wconf 89' lang='lat' dir='ltr'>che</span> <span class='ocrx_word' id='word_1_115' title='bbox 983 1394 1040 1448; x_wconf 88' lang='lat' dir='ltr'>in</span> <span class='ocrx_word' id='word_1_116' title='bbox 1062 1395 1115 1449; x_wconf 89' lang='lat' dir='ltr'>le</span> <span class='ocrx_word' id='word_1_117' title='bbox 1136 1395 1222 1449; x_wconf 91' lang='lat' dir='ltr'>lor</span> <span class='ocrx_word' id='word_1_118' title='bbox 1242 1392 1453 1449; x_wconf 90' lang='lat' dir='ltr'>chiesie</span> <span class='ocrx_word' id='word_1_119' title='bbox 1473 1391 1804 1460; x_wconf 84' lang='lat' dir='ltr'>cathedrali,</span> <span class='ocrx_word' id='word_1_120' title='bbox 1826 1392 2010 1448; x_wconf 86' lang='lat' dir='ltr'>madr&#39;</span> <span class='ocrx_word' id='word_1_121' title='bbox 2032 1393 2106 1448; x_wconf 86' lang='lat' dir='ltr'>de</span> <span class='ocrx_word' id='word_1_122' title='bbox 2124 1392 2248 1447; x_wconf 90' lang='lat' dir='ltr'>loro</span> <span class='ocrx_word' id='word_1_123' title='bbox 2266 1390 2396 1448; x_wconf 85' lang='lat' dir='ltr'>dio-</span> 
     </span>
     <span class='ocr_line' id='line_1_13' title="bbox 339 1487 2394 1561; baseline -0.002 -13"><span class='ocrx_word' id='word_1_124' title='bbox 339 1490 478 1558; x_wconf 68' lang='lat' dir='ltr'>caei,</span> <span class='ocrx_word' id='word_1_125' title='bbox 506 1491 725 1549; x_wconf 88' lang='lat' dir='ltr'>creschi</span> <span class='ocrx_word' id='word_1_126' title='bbox 754 1493 791 1546; x_wconf 90' lang='lat' dir='ltr'>l&#39;</span> <span class='ocrx_word' id='word_1_127' title='bbox 814 1492 970 1557; x_wconf 86' lang='lat' dir='ltr'>erba,</span> <span class='ocrx_word' id='word_1_128' title='bbox 994 1500 1052 1546; x_wconf 91' lang='lat' dir='ltr'>et</span> <span class='ocrx_word' id='word_1_129' title='bbox 1072 1490 1131 1545; x_wconf 91' lang='lat' dir='ltr'>in</span> <span class='ocrx_word' id='word_1_130' title='bbox 1157 1491 1344 1561; x_wconf 90' lang='lat' dir='ltr'>quelle</span> <span class='ocrx_word' id='word_1_131' title='bbox 1370 1489 1418 1545; x_wconf 89' lang='lat' dir='ltr'>si</span> <span class='ocrx_word' id='word_1_132' title='bbox 1446 1488 1719 1560; x_wconf 87' lang='lat' dir='ltr'>paschino</span> <span class='ocrx_word' id='word_1_133' title='bbox 1746 1488 2105 1561; x_wconf 86' lang='lat' dir='ltr'>grossissime</span> <span class='ocrx_word' id='word_1_134' title='bbox 2130 1487 2302 1561; x_wconf 86' lang='lat' dir='ltr'>serpi‚</span> <span class='ocrx_word' id='word_1_135' title='bbox 2333 1497 2394 1546; x_wconf 87' lang='lat' dir='ltr'>et</span> 
     </span>
     <span class='ocr_line' id='line_1_14' title="bbox 342 1569 2396 1659; baseline -0.001 -17"><span class='ocrx_word' id='word_1_136' title='bbox 342 1596 490 1644; x_wconf 88' lang='lat' dir='ltr'>tutte</span> <span class='ocrx_word' id='word_1_137' title='bbox 516 1587 732 1645; x_wconf 88' lang='lat' dir='ltr'>restino</span> <span class='ocrx_word' id='word_1_138' title='bbox 759 1569 1096 1659; x_wconf 83' lang='lat' dir='ltr'>discoperte.</span> <span class='ocrx_word' id='word_1_139' title='bbox 1123 1588 1345 1657; x_wconf 82' lang='lat' dir='ltr'>Questo</span> <span class='ocrx_word' id='word_1_140' title='bbox 1364 1588 1442 1641; x_wconf 94' lang='lat' dir='ltr'>ho</span> <span class='ocrx_word' id='word_1_141' title='bbox 1463 1586 1677 1642; x_wconf 89' lang='lat' dir='ltr'>veduto</span> <span class='ocrx_word' id='word_1_142' title='bbox 1696 1586 1925 1641; x_wconf 84' lang='lat' dir='ltr'>oculata</span> <span class='ocrx_word' id='word_1_143' title='bbox 1945 1586 2058 1652; x_wconf 80' lang='lat' dir='ltr'>fide</span> <span class='ocrx_word' id='word_1_144' title='bbox 2078 1585 2138 1641; x_wconf 91' lang='lat' dir='ltr'>in</span> <span class='ocrx_word' id='word_1_145' title='bbox 2157 1585 2396 1657; x_wconf 85' lang='lat' dir='ltr'>viaggio</span> 
     </span>
     <span class='ocr_line' id='line_1_15' title="bbox 340 1681 2391 1755; baseline -0.001 -16"><span class='ocrx_word' id='word_1_146' title='bbox 340 1686 433 1739; x_wconf 84' lang='lat' dir='ltr'>ch&#39;</span> <span class='ocrx_word' id='word_1_147' title='bbox 462 1682 518 1739; x_wconf 94' lang='lat' dir='ltr'>io</span> <span class='ocrx_word' id='word_1_148' title='bbox 546 1683 687 1739; x_wconf 80' lang='lat' dir='ltr'>{ecci</span> <span class='ocrx_word' id='word_1_149' title='bbox 714 1683 899 1754; x_wconf 79' lang='lat' dir='ltr'>questi</span> <span class='ocrx_word' id='word_1_150' title='bbox 921 1682 1109 1755; x_wconf 81' lang='lat' dir='ltr'>giomi</span> <span class='ocrx_word' id='word_1_151' title='bbox 1131 1682 1189 1737; x_wconf 90' lang='lat' dir='ltr'>in</span> <span class='ocrx_word' id='word_1_152' title='bbox 1211 1682 1421 1738; x_wconf 85' lang='lat' dir='ltr'>Aleria.</span> <span class='ocrx_word' id='word_1_153' title='bbox 1456 1681 1522 1738; x_wconf 91' lang='lat' dir='ltr'>Li</span> <span class='ocrx_word' id='word_1_154' title='bbox 1549 1681 1689 1753; x_wconf 88' lang='lat' dir='ltr'>preli</span> <span class='ocrx_word' id='word_1_155' title='bbox 1709 1681 2122 1753; x_wconf 85' lang='lat' dir='ltr'>concubinarij‚</span> <span class='ocrx_word' id='word_1_156' title='bbox 2149 1681 2391 1737; x_wconf 88' lang='lat' dir='ltr'>homici-</span> 
     </span>
     <span class='ocr_line' id='line_1_16' title="bbox 340 1777 2390 1851; baseline -0.001 -16"><span class='ocrx_word' id='word_1_157' title='bbox 340 1779 416 1851; x_wconf 84' lang='lat' dir='ltr'>dij</span> <span class='ocrx_word' id='word_1_158' title='bbox 445 1799 479 1837; x_wconf 92' lang='lat' dir='ltr'>e</span> <span class='ocrx_word' id='word_1_159' title='bbox 506 1788 665 1834; x_wconf 83' lang='lat' dir='ltr'>tanto</span> <span class='ocrx_word' id='word_1_160' title='bbox 692 1779 1108 1845; x_wconf 84' lang='lat' dir='ltr'>nefandissimi,</span> <span class='ocrx_word' id='word_1_161' title='bbox 1146 1782 1253 1836; x_wconf 88' lang='lat' dir='ltr'>che</span> <span class='ocrx_word' id='word_1_162' title='bbox 1286 1797 1398 1834; x_wconf 88' lang='lat' dir='ltr'>non</span> <span class='ocrx_word' id='word_1_163' title='bbox 1438 1779 1485 1834; x_wconf 90' lang='lat' dir='ltr'>si</span> <span class='ocrx_word' id='word_1_164' title='bbox 1523 1779 1638 1851; x_wconf 79' lang='lat' dir='ltr'>puo</span> <span class='ocrx_word' id='word_1_165' title='bbox 1671 1778 1760 1833; x_wconf 90' lang='lat' dir='ltr'>dir</span> <span class='ocrx_word' id='word_1_166' title='bbox 1794 1777 1912 1851; x_wconf 76' lang='lat' dir='ltr'>piu.</span> <span class='ocrx_word' id='word_1_167' title='bbox 1951 1780 2095 1835; x_wconf 87' lang='lat' dir='ltr'>Hor&#39;</span> <span class='ocrx_word' id='word_1_168' title='bbox 2133 1777 2390 1851; x_wconf 88' lang='lat' dir='ltr'>giudichi</span> 
     </span>
     <span class='ocr_line' id='line_1_17' title="bbox 339 1875 2390 1946; baseline 0 -15"><span class='ocrx_word' id='word_1_169' title='bbox 339 1876 415 1931; x_wconf 87' lang='lat' dir='ltr'>V.</span> <span class='ocrx_word' id='word_1_170' title='bbox 446 1877 515 1931; x_wconf 91' lang='lat' dir='ltr'>R.</span> <span class='ocrx_word' id='word_1_171' title='bbox 528 1917 541 1942; x_wconf 88' lang='lat'>,</span> <span class='ocrx_word' id='word_1_172' title='bbox 565 1894 628 1932; x_wconf 90' lang='lat' dir='ltr'>se</span> <span class='ocrx_word' id='word_1_173' title='bbox 654 1877 973 1931; x_wconf 83' lang='lat' dir='ltr'>haueuamo</span> <span class='ocrx_word' id='word_1_174' title='bbox 993 1875 1050 1930; x_wconf 90' lang='lat' dir='ltr'>di</span> <span class='ocrx_word' id='word_1_175' title='bbox 1076 1875 1319 1946; x_wconf 88' lang='lat' dir='ltr'>bisogno</span> <span class='ocrx_word' id='word_1_176' title='bbox 1339 1876 1396 1930; x_wconf 92' lang='lat' dir='ltr'>di</span> <span class='ocrx_word' id='word_1_177' title='bbox 1417 1877 1546 1931; x_wconf 89' lang='lat' dir='ltr'>luce</span> <span class='ocrx_word' id='word_1_178' title='bbox 1572 1895 1606 1933; x_wconf 90' lang='lat' dir='ltr'>e</span> <span class='ocrx_word' id='word_1_179' title='bbox 1625 1875 1684 1930; x_wconf 92' lang='lat' dir='ltr'>di</span> <span class='ocrx_word' id='word_1_180' title='bbox 1705 1876 1987 1942; x_wconf 73' lang='lat' dir='ltr'>conform,</span> <span class='ocrx_word' id='word_1_181' title='bbox 2011 1884 2070 1933; x_wconf 89' lang='lat' dir='ltr'>et</span> <span class='ocrx_word' id='word_1_182' title='bbox 2090 1894 2124 1932; x_wconf 88' lang='lat' dir='ltr'>a</span> <span class='ocrx_word' id='word_1_183' title='bbox 2142 1877 2251 1933; x_wconf 90' lang='lat' dir='ltr'>che</span> <span class='ocrx_word' id='word_1_184' title='bbox 2271 1883 2390 1932; x_wconf 89' lang='lat' dir='ltr'>ter-</span> 
     </span>
     <span class='ocr_line' id='line_1_18' title="bbox 340 1970 1612 2029; baseline -0.001 -1"><span class='ocrx_word' id='word_1_185' title='bbox 340 1970 492 2028; x_wconf 87' lang='lat' dir='ltr'>mine</span> <span class='ocrx_word' id='word_1_186' title='bbox 517 1973 551 2028; x_wconf 80' lang='grc' dir='ltr'>ὲ</span> <span class='ocrx_word' id='word_1_187' title='bbox 578 1973 631 2027; x_wconf 86' lang='grc'>10</span> <span class='ocrx_word' id='word_1_188' title='bbox 657 1989 790 2027; x_wconf 83' lang='grc'>0050</span> <span class='ocrx_word' id='word_1_189' title='bbox 814 1973 888 2028; x_wconf 87' lang='lat' dir='ltr'>de</span> <span class='ocrx_word' id='word_1_190' title='bbox 918 1972 1073 2027; x_wconf 91' lang='lat' dir='ltr'>Iddio</span> <span class='ocrx_word' id='word_1_191' title='bbox 1100 1981 1158 2029; x_wconf 88' lang='lat' dir='ltr'>et</span> <span class='ocrx_word' id='word_1_192' title='bbox 1185 1972 1223 2026; x_wconf 93' lang='lat' dir='ltr'>il</span> <span class='ocrx_word' id='word_1_193' title='bbox 1250 1972 1410 2027; x_wconf 91' lang='lat' dir='ltr'>diuin</span> <span class='ocrx_word' id='word_1_194' title='bbox 1437 1973 1612 2028; x_wconf 91' lang='lat' dir='ltr'>culto.</span> 
     </span>
    </p>

    <p class='ocr_par' dir='ltr' id='par_1_3' title="bbox 320 2067 2386 3586">
     <span class='ocr_line' id='line_1_19' title="bbox 347 2067 2386 2141; baseline -0 -17"><span class='ocrx_word' id='word_1_195' title='bbox 347 2072 350 2075; x_wconf 74' lang='grc'><strong><em>’</em></strong></span> <span class='ocrx_word' id='word_1_196' title='bbox 452 2069 600 2124; x_wconf 79' lang='lat' dir='ltr'>Pero</span> <span class='ocrx_word' id='word_1_197' title='bbox 629 2067 807 2123; x_wconf 83' lang='lat' dir='ltr'>saccio</span> <span class='ocrx_word' id='word_1_198' title='bbox 833 2077 1037 2139; x_wconf 89' lang='lat' dir='ltr'>questo</span> <span class='ocrx_word' id='word_1_199' title='bbox 1066 2068 1388 2124; x_wconf 87' lang='lat' dir='ltr'>testimonio</span> <span class='ocrx_word' id='word_1_200' title='bbox 1415 2089 1448 2124; x_wconf 91' lang='lat' dir='ltr'>a</span> <span class='ocrx_word' id='word_1_201' title='bbox 1475 2071 1547 2126; x_wconf 88' lang='lat' dir='ltr'>V.</span> <span class='ocrx_word' id='word_1_202' title='bbox 1580 2072 1675 2136; x_wconf 87' lang='lat' dir='ltr'>R.,</span> <span class='ocrx_word' id='word_1_203' title='bbox 1706 2077 1765 2125; x_wconf 89' lang='lat' dir='ltr'>et</span> <span class='ocrx_word' id='word_1_204' title='bbox 1791 2070 1847 2125; x_wconf 98' lang='grc'>10</span> <span class='ocrx_word' id='word_1_205' title='bbox 1876 2069 1997 2125; x_wconf 80' lang='lat' dir='ltr'>faro</span> <span class='ocrx_word' id='word_1_206' title='bbox 2029 2086 2131 2141; x_wconf 88' lang='lat' dir='ltr'>per</span> <span class='ocrx_word' id='word_1_207' title='bbox 2157 2076 2309 2124; x_wconf 89' lang='lat' dir='ltr'>tutto</span> <span class='ocrx_word' id='word_1_208' title='bbox 2346 2068 2386 2123; x_wconf 90' lang='lat' dir='ltr'>il</span> 
     </span>
     <span class='ocr_line' id='line_1_20' title="bbox 339 2163 2385 2235; baseline 0 -14"><span class='ocrx_word' id='word_1_209' title='bbox 339 2165 567 2232; x_wconf 79' lang='lat' dir='ltr'>mondO,</span> <span class='ocrx_word' id='word_1_210' title='bbox 597 2173 657 2220; x_wconf 94' lang='lat' dir='ltr'>et</span> <span class='ocrx_word' id='word_1_211' title='bbox 684 2163 759 2219; x_wconf 88' lang='lat' dir='ltr'>mi</span> <span class='ocrx_word' id='word_1_212' title='bbox 797 2165 966 2219; x_wconf 90' lang='lat' dir='ltr'>duole</span> <span class='ocrx_word' id='word_1_213' title='bbox 999 2167 1106 2220; x_wconf 89' lang='lat' dir='ltr'>che</span> <span class='ocrx_word' id='word_1_214' title='bbox 1147 2165 1183 2220; x_wconf 91' lang='lat' dir='ltr'>li</span> <span class='ocrx_word' id='word_1_215' title='bbox 1219 2165 1403 2222; x_wconf 87' lang='lat' dir='ltr'>meriti</span> <span class='ocrx_word' id='word_1_216' title='bbox 1438 2165 1548 2222; x_wconf 89' lang='lat' dir='ltr'>mei</span> <span class='ocrx_word' id='word_1_217' title='bbox 1583 2184 1699 2221; x_wconf 91' lang='lat' dir='ltr'>non</span> <span class='ocrx_word' id='word_1_218' title='bbox 1736 2165 1898 2221; x_wconf 88' lang='lat' dir='ltr'>siano</span> <span class='ocrx_word' id='word_1_219' title='bbox 1932 2164 2051 2235; x_wconf 89' lang='lat' dir='ltr'>tali,</span> <span class='ocrx_word' id='word_1_220' title='bbox 2080 2167 2175 2221; x_wconf 87' lang='lat' dir='ltr'>ch&#39;</span> <span class='ocrx_word' id='word_1_221' title='bbox 2210 2166 2385 2221; x_wconf 81' lang='lat' dir='ltr'>habbi</span> 
     </span>
     <span class='ocr_line' id='line_1_21' title="bbox 338 2260 2383 2334; baseline 0 -17"><span class='ocrx_word' id='word_1_222' title='bbox 338 2262 470 2334; x_wconf 89' lang='lat' dir='ltr'>quel</span> <span class='ocrx_word' id='word_1_223' title='bbox 494 2260 711 2317; x_wconf 89' lang='lat' dir='ltr'>credito</span> <span class='ocrx_word' id='word_1_224' title='bbox 736 2262 825 2316; x_wconf 86' lang='lat' dir='ltr'>ch’</span> <span class='ocrx_word' id='word_1_225' title='bbox 854 2261 910 2317; x_wconf 92' lang='lat' dir='ltr'>io</span> <span class='ocrx_word' id='word_1_226' title='bbox 935 2262 1220 2318; x_wconf 84' lang='lat' dir='ltr'>desidero:</span> <span class='ocrx_word' id='word_1_227' title='bbox 1251 2265 1358 2318; x_wconf 90' lang='lat' dir='ltr'>che</span> <span class='ocrx_word' id='word_1_228' title='bbox 1394 2281 1455 2318; x_wconf 89' lang='grc'>50</span> <span class='ocrx_word' id='word_1_229' title='bbox 1490 2281 1606 2318; x_wconf 88' lang='grc'>000</span> <span class='ocrx_word' id='word_1_230' title='bbox 1642 2262 1880 2318; x_wconf 88' lang='lat' dir='ltr'>fussimo</span> <span class='ocrx_word' id='word_1_231' title='bbox 1913 2262 2048 2319; x_wconf 88' lang='lat' dir='ltr'>stati</span> <span class='ocrx_word' id='word_1_232' title='bbox 2081 2261 2383 2319; x_wconf 88' lang='lat' dir='ltr'>illuminati</span> 
     </span>
     <span class='ocr_line' id='line_1_22' title="bbox 334 2356 2382 2429; baseline 0.002 -17"><span class='ocrx_word' id='word_1_233' title='bbox 334 2357 480 2414; x_wconf 85' lang='lat' dir='ltr'>delle</span> <span class='ocrx_word' id='word_1_234' title='bbox 506 2356 601 2412; x_wconf 90' lang='lat' dir='ltr'>doi</span> <span class='ocrx_word' id='word_1_235' title='bbox 630 2357 826 2412; x_wconf 88' lang='lat' dir='ltr'>facelle</span> <span class='ocrx_word' id='word_1_236' title='bbox 850 2357 907 2411; x_wconf 90' lang='lat' dir='ltr'>di</span> <span class='ocrx_word' id='word_1_237' title='bbox 934 2358 1117 2429; x_wconf 88' lang='lat' dir='ltr'>questi</span> <span class='ocrx_word' id='word_1_238' title='bbox 1144 2359 1258 2413; x_wconf 90' lang='lat' dir='ltr'>dua</span> <span class='ocrx_word' id='word_1_239' title='bbox 1285 2358 1411 2414; x_wconf 89' lang='lat' dir='ltr'>Rdi.</span> <span class='ocrx_word' id='word_1_240' title='bbox 1443 2358 1721 2414; x_wconf 85' lang='lat' dir='ltr'>visitatori</span> <span class='ocrx_word' id='word_1_241' title='bbox 1741 2359 1799 2414; x_wconf 92' lang='lat' dir='ltr'>di</span> <span class='ocrx_word' id='word_1_242' title='bbox 1820 2368 2042 2416; x_wconf 82' lang='lat' dir='ltr'>cotesta</span> <span class='ocrx_word' id='word_1_243' title='bbox 2059 2359 2382 2416; x_wconf 85' lang='lat' dir='ltr'>santissima</span> 
     </span>
     <span class='ocr_line' id='line_1_23' title="bbox 336 2452 2383 2529; baseline 0 -20"><span class='ocrx_word' id='word_1_244' title='bbox 336 2452 710 2526; x_wconf 63' lang='lat' dir='ltr'>Compagnizn,</span> <span class='ocrx_word' id='word_1_245' title='bbox 740 2452 1001 2508; x_wconf 88' lang='lat' dir='ltr'>instituta</span> <span class='ocrx_word' id='word_1_246' title='bbox 1027 2463 1177 2509; x_wconf 89' lang='lat' dir='ltr'>sotto</span> <span class='ocrx_word' id='word_1_247' title='bbox 1204 2454 1241 2508; x_wconf 92' lang='lat' dir='ltr'>il</span> <span class='ocrx_word' id='word_1_248' title='bbox 1263 2474 1432 2512; x_wconf 89' lang='lat' dir='ltr'>nome</span> <span class='ocrx_word' id='word_1_249' title='bbox 1453 2457 1525 2511; x_wconf 87' lang='lat' dir='ltr'>de</span> <span class='ocrx_word' id='word_1_250' title='bbox 1537 2458 1700 2529; x_wconf 78' lang='lat' dir='ltr'>Jesu,</span> <span class='ocrx_word' id='word_1_251' title='bbox 1725 2456 1778 2511; x_wconf 89' lang='lat' dir='ltr'>al</span> <span class='ocrx_word' id='word_1_252' title='bbox 1797 2474 1960 2528; x_wconf 86' lang='lat' dir='ltr'>gram</span> <span class='ocrx_word' id='word_1_253' title='bbox 1981 2456 2126 2512; x_wconf 89' lang='lat' dir='ltr'>sofio</span> <span class='ocrx_word' id='word_1_254' title='bbox 2145 2464 2204 2513; x_wconf 91' lang='lat' dir='ltr'>et</span> <span class='ocrx_word' id='word_1_255' title='bbox 2226 2455 2383 2511; x_wconf 90' lang='lat' dir='ltr'>furor</span> 
     </span>
     <span class='ocr_line' id='line_1_24' title="bbox 331 2549 2382 2624; baseline 0.002 -19"><span class='ocrx_word' id='word_1_256' title='bbox 331 2550 440 2606; x_wconf 90' lang='lat' dir='ltr'>che</span> <span class='ocrx_word' id='word_1_257' title='bbox 466 2559 705 2622; x_wconf 87' lang='lat' dir='ltr'>gettono</span> <span class='ocrx_word' id='word_1_258' title='bbox 723 2549 910 2620; x_wconf 89' lang='lat' dir='ltr'>questi</span> <span class='ocrx_word' id='word_1_259' title='bbox 931 2550 1106 2606; x_wconf 88' lang='lat' dir='ltr'>nostri</span> <span class='ocrx_word' id='word_1_260' title='bbox 1130 2552 1297 2622; x_wconf 89' lang='lat' dir='ltr'>pretti</span> <span class='ocrx_word' id='word_1_261' title='bbox 1319 2570 1427 2607; x_wconf 90' lang='lat' dir='ltr'>con</span> <span class='ocrx_word' id='word_1_262' title='bbox 1448 2554 1689 2624; x_wconf 87' lang='lat' dir='ltr'>qualche</span> <span class='ocrx_word' id='word_1_263' title='bbox 1712 2554 1908 2609; x_wconf 82' lang='lat' dir='ltr'>fauore</span> <span class='ocrx_word' id='word_1_264' title='bbox 1933 2554 2043 2610; x_wconf 90' lang='lat' dir='ltr'>che</span> <span class='ocrx_word' id='word_1_265' title='bbox 2060 2554 2256 2609; x_wconf 89' lang='lat' dir='ltr'>hanno</span> <span class='ocrx_word' id='word_1_266' title='bbox 2280 2571 2382 2609; x_wconf 90' lang='lat' dir='ltr'>co—</span> 
     </span>
     <span class='ocr_line' id='line_1_25' title="bbox 333 2645 2380 2722; baseline 0.003 -22"><span class='ocrx_word' id='word_1_267' title='bbox 333 2646 428 2715; x_wconf 86' lang='lat' dir='ltr'>sti,</span> <span class='ocrx_word' id='word_1_268' title='bbox 459 2645 631 2701; x_wconf 87' lang='lat' dir='ltr'>mossi</span> <span class='ocrx_word' id='word_1_269' title='bbox 659 2645 907 2717; x_wconf 72' lang='lat' dir='ltr'>piutosto</span> <span class='ocrx_word' id='word_1_270' title='bbox 934 2647 1007 2701; x_wconf 86' lang='lat' dir='ltr'>da</span> <span class='ocrx_word' id='word_1_271' title='bbox 1034 2648 1359 2719; x_wconf 60' lang='lat' dir='ltr'>proprietta,</span> <span class='ocrx_word' id='word_1_272' title='bbox 1389 2652 1497 2707; x_wconf 90' lang='lat' dir='ltr'>che</span> <span class='ocrx_word' id='word_1_273' title='bbox 1523 2668 1624 2721; x_wconf 88' lang='lat' dir='ltr'>per</span> <span class='ocrx_word' id='word_1_274' title='bbox 1651 2650 1774 2706; x_wconf 91' lang='lat' dir='ltr'>zelo</span> <span class='ocrx_word' id='word_1_275' title='bbox 1798 2650 1873 2707; x_wconf 91' lang='lat' dir='ltr'>de</span> <span class='ocrx_word' id='word_1_276' title='bbox 1906 2649 2086 2717; x_wconf 86' lang='lat' dir='ltr'>Iddio,</span> <span class='ocrx_word' id='word_1_277' title='bbox 2126 2666 2380 2722; x_wconf 85' lang='lat' dir='ltr'>spegne-</span> 
     </span>
     <span class='ocr_line' id='line_1_26' title="bbox 332 2741 2381 2816; baseline 0.001 -17"><span class='ocrx_word' id='word_1_278' title='bbox 332 2741 491 2799; x_wconf 84' lang='lat' dir='ltr'>riano</span> <span class='ocrx_word' id='word_1_279' title='bbox 517 2741 657 2815; x_wconf 90' lang='lat' dir='ltr'>ogni</span> <span class='ocrx_word' id='word_1_280' title='bbox 685 2743 829 2797; x_wconf 87' lang='lat' dir='ltr'>altro</span> <span class='ocrx_word' id='word_1_281' title='bbox 856 2743 1027 2810; x_wconf 85' lang='lat' dir='ltr'>lume,</span> <span class='ocrx_word' id='word_1_282' title='bbox 1057 2753 1114 2798; x_wconf 91' lang='lat' dir='ltr'>et</span> <span class='ocrx_word' id='word_1_283' title='bbox 1140 2745 1187 2799; x_wconf 86' lang='lat' dir='ltr'>si</span> <span class='ocrx_word' id='word_1_284' title='bbox 1216 2744 1618 2816; x_wconf 89' lang='lat' dir='ltr'>priuarebbero</span> <span class='ocrx_word' id='word_1_285' title='bbox 1644 2746 1703 2802; x_wconf 89' lang='lat' dir='ltr'>di</span> <span class='ocrx_word' id='word_1_286' title='bbox 1735 2747 2001 2803; x_wconf 87' lang='lat' dir='ltr'>conforto</span> <span class='ocrx_word' id='word_1_287' title='bbox 2018 2789 2031 2802; x_wconf 92' lang='lat'><strong>.</strong></span> <span class='ocrx_word' id='word_1_288' title='bbox 2071 2747 2184 2802; x_wconf 87' lang='lat' dir='ltr'>Per</span> <span class='ocrx_word' id='word_1_289' title='bbox 2219 2754 2381 2802; x_wconf 85' lang='lat' dir='ltr'>tanto</span> 
     </span>
     <span class='ocr_line' id='line_1_27' title="bbox 329 2836 2380 2916; baseline 0.003 -23"><span class='ocrx_word' id='word_1_290' title='bbox 329 2836 620 2910; x_wconf 82' lang='lat' dir='ltr'>allegrassi</span> <span class='ocrx_word' id='word_1_291' title='bbox 648 2839 721 2894; x_wconf 92' lang='lat' dir='ltr'>V.</span> <span class='ocrx_word' id='word_1_292' title='bbox 753 2839 840 2904; x_wconf 66' lang='lat' dir='ltr'>R„</span> <span class='ocrx_word' id='word_1_293' title='bbox 871 2840 977 2893; x_wconf 88' lang='lat' dir='ltr'>che</span> <span class='ocrx_word' id='word_1_294' title='bbox 1006 2839 1053 2894; x_wconf 89' lang='lat' dir='ltr'>si</span> <span class='ocrx_word' id='word_1_295' title='bbox 1084 2858 1244 2897; x_wconf 88' lang='lat' dir='ltr'>come</span> <span class='ocrx_word' id='word_1_296' title='bbox 1271 2843 1324 2896; x_wconf 95' lang='grc'>10</span> <span class='ocrx_word' id='word_1_297' title='bbox 1349 2860 1455 2897; x_wconf 90' lang='lat' dir='ltr'>sua</span> <span class='ocrx_word' id='word_1_298' title='bbox 1481 2843 1772 2900; x_wconf 85' lang='lat' dir='ltr'>santisima</span> <span class='ocrx_word' id='word_1_299' title='bbox 1798 2842 2156 2916; x_wconf 86' lang='lat' dir='ltr'>Compagnia</span> <span class='ocrx_word' id='word_1_300' title='bbox 2175 2844 2209 2900; x_wconf 79' lang='grc' dir='ltr'>ὲ</span> <span class='ocrx_word' id='word_1_301' title='bbox 2228 2852 2380 2899; x_wconf 83' lang='lat' dir='ltr'>stata</span> 
     </span>
     <span class='ocr_line' id='line_1_28' title="bbox 328 2933 2378 3008; baseline 0.003 -20"><span class='ocrx_word' id='word_1_302' title='bbox 328 2933 589 2989; x_wconf 86' lang='lat' dir='ltr'>instituta</span> <span class='ocrx_word' id='word_1_303' title='bbox 614 2953 647 2990; x_wconf 93' lang='lat' dir='ltr'>e</span> <span class='ocrx_word' id='word_1_304' title='bbox 677 2935 906 2990; x_wconf 76' lang='lat' dir='ltr'>tondata</span> <span class='ocrx_word' id='word_1_305' title='bbox 931 2936 1004 2990; x_wconf 85' lang='lat' dir='ltr'>da</span> <span class='ocrx_word' id='word_1_306' title='bbox 1028 2936 1228 2991; x_wconf 87' lang='lat' dir='ltr'>ottimo</span> <span class='ocrx_word' id='word_1_307' title='bbox 1246 2939 1559 3008; x_wconf 79' lang='lat' dir='ltr'>,fondator&#39;,</span> <span class='ocrx_word' id='word_1_308' title='bbox 1590 2940 1708 2996; x_wconf 89' lang='lat' dir='ltr'>cosi</span> <span class='ocrx_word' id='word_1_309' title='bbox 1734 2941 1790 2996; x_wconf 87' lang='lat' dir='ltr'>la</span> <span class='ocrx_word' id='word_1_310' title='bbox 1808 2943 1936 2998; x_wconf 73' lang='grc' dir='ltr'>50το</span> <span class='ocrx_word' id='word_1_311' title='bbox 1959 2940 2287 3007; x_wconf 81' lang='lat' dir='ltr'>fomentata,</span> <span class='ocrx_word' id='word_1_312' title='bbox 2315 2949 2378 2995; x_wconf 91' lang='lat' dir='ltr'>et</span> 
     </span>
     <span class='ocr_line' id='line_1_29' title="bbox 325 3029 2375 3103; baseline 0.003 -18"><span class='ocrx_word' id='word_1_313' title='bbox 325 3029 463 3103; x_wconf 85' lang='lat' dir='ltr'>ogni</span> <span class='ocrx_word' id='word_1_314' title='bbox 490 3029 694 3102; x_wconf 85' lang='lat' dir='ltr'>giorno</span> <span class='ocrx_word' id='word_1_315' title='bbox 720 3030 817 3103; x_wconf 81' lang='lat' dir='ltr'>piu</span> <span class='ocrx_word' id='word_1_316' title='bbox 843 3032 888 3086; x_wconf 90' lang='lat' dir='ltr'>si</span> <span class='ocrx_word' id='word_1_317' title='bbox 918 3037 1265 3100; x_wconf 64' lang='lat' dir='ltr'>aumentarzi3</span> <span class='ocrx_word' id='word_1_318' title='bbox 1297 3054 1329 3090; x_wconf 89' lang='lat' dir='ltr'>e</span> <span class='ocrx_word' id='word_1_319' title='bbox 1356 3036 1409 3092; x_wconf 92' lang='grc'>10</span> <span class='ocrx_word' id='word_1_320' title='bbox 1437 3035 1692 3092; x_wconf 83' lang='lat' dir='ltr'>zinzanie</span> <span class='ocrx_word' id='word_1_321' title='bbox 1719 3047 1778 3095; x_wconf 90' lang='lat' dir='ltr'>et</span> <span class='ocrx_word' id='word_1_322' title='bbox 1804 3038 1944 3095; x_wconf 79' lang='lat' dir='ltr'>salse</span> <span class='ocrx_word' id='word_1_323' title='bbox 1978 3036 2240 3093; x_wconf 88' lang='lat' dir='ltr'>calonnie</span> <span class='ocrx_word' id='word_1_324' title='bbox 2264 3038 2375 3093; x_wconf 88' lang='lat' dir='ltr'>che</span> 
     </span>
     <span class='ocr_line' id='line_1_30' title="bbox 324 3126 2372 3207; baseline 0.002 -23"><span class='ocrx_word' id='word_1_325' title='bbox 324 3142 490 3184; x_wconf 80' lang='lat' dir='ltr'>seran</span> <span class='ocrx_word' id='word_1_326' title='bbox 518 3135 664 3183; x_wconf 85' lang='lat' dir='ltr'>state</span> <span class='ocrx_word' id='word_1_327' title='bbox 689 3126 984 3193; x_wconf 85' lang='lat' dir='ltr'>seminate,</span> <span class='ocrx_word' id='word_1_328' title='bbox 1015 3138 1071 3182; x_wconf 89' lang='lat' dir='ltr'>et</span> <span class='ocrx_word' id='word_1_329' title='bbox 1099 3130 1150 3185; x_wconf 87' lang='grc'>10</span> <span class='ocrx_word' id='word_1_330' title='bbox 1180 3132 1557 3201; x_wconf 85' lang='lat' dir='ltr'>persecutioni</span> <span class='ocrx_word' id='word_1_331' title='bbox 1583 3134 1657 3188; x_wconf 92' lang='lat' dir='ltr'>de</span> <span class='ocrx_word' id='word_1_332' title='bbox 1684 3133 1814 3189; x_wconf 90' lang='lat' dir='ltr'>suoi</span> <span class='ocrx_word' id='word_1_333' title='bbox 1841 3133 2143 3207; x_wconf 87' lang='lat' dir='ltr'>compagni</span> <span class='ocrx_word' id='word_1_334' title='bbox 2181 3151 2216 3189; x_wconf 92' lang='lat' dir='ltr'>e</span> <span class='ocrx_word' id='word_1_335' title='bbox 2256 3133 2372 3189; x_wconf 84' lang='lat' dir='ltr'>fra-</span> 
     </span>
     <span class='ocr_line' id='line_1_31' title="bbox 325 3222 2370 3303; baseline 0.005 -26"><span class='ocrx_word' id='word_1_336' title='bbox 325 3222 440 3278; x_wconf 88' lang='lat' dir='ltr'>telli</span> <span class='ocrx_word' id='word_1_337' title='bbox 468 3231 628 3279; x_wconf 83' lang='lat' dir='ltr'>tanto</span> <span class='ocrx_word' id='word_1_338' title='bbox 654 3222 750 3295; x_wconf 77' lang='lat' dir='ltr'>piu</span> <span class='ocrx_word' id='word_1_339' title='bbox 778 3224 831 3279; x_wconf 90' lang='grc'>10</span> <span class='ocrx_word' id='word_1_340' title='bbox 856 3226 1208 3281; x_wconf 83' lang='lat' dir='ltr'>renderanno</span> <span class='ocrx_word' id='word_1_341' title='bbox 1235 3227 1431 3284; x_wconf 85' lang='lat' dir='ltr'>ilustre</span> <span class='ocrx_word' id='word_1_342' title='bbox 1458 3249 1490 3285; x_wconf 87' lang='lat' dir='ltr'>e</span> <span class='ocrx_word' id='word_1_343' title='bbox 1518 3231 1792 3302; x_wconf 86' lang='lat' dir='ltr'>gloriosa,</span> <span class='ocrx_word' id='word_1_344' title='bbox 1824 3239 2040 3303; x_wconf 86' lang='lat' dir='ltr'>quanto</span> <span class='ocrx_word' id='word_1_345' title='bbox 2065 3233 2174 3287; x_wconf 87' lang='lat' dir='ltr'>che</span> <span class='ocrx_word' id='word_1_346' title='bbox 2199 3229 2248 3287; x_wconf 88' lang='lat' dir='ltr'>si</span> <span class='ocrx_word' id='word_1_347' title='bbox 2267 3247 2370 3287; x_wconf 86' lang='lat' dir='ltr'>ve·</span> 
     </span>
     <span class='ocr_line' id='line_1_32' title="bbox 322 3319 2364 3397; baseline 0.006 -24"><span class='ocrx_word' id='word_1_348' title='bbox 322 3319 459 3375; x_wconf 56' lang='lat' dir='ltr'>der&amp;</span> <span class='ocrx_word' id='word_1_349' title='bbox 484 3321 592 3377; x_wconf 86' lang='lat' dir='ltr'>ehe</span> <span class='ocrx_word' id='word_1_350' title='bbox 616 3320 691 3374; x_wconf 85' lang='lat' dir='ltr'>da</span> <span class='ocrx_word' id='word_1_351' title='bbox 716 3319 839 3375; x_wconf 91' lang='lat' dir='ltr'>loro</span> <span class='ocrx_word' id='word_1_352' title='bbox 867 3338 979 3375; x_wconf 89' lang='lat' dir='ltr'>non</span> <span class='ocrx_word' id='word_1_353' title='bbox 1010 3324 1248 3392; x_wconf 85' lang='lat' dir='ltr'>procede</span> <span class='ocrx_word' id='word_1_354' title='bbox 1276 3343 1337 3381; x_wconf 90' lang='lat' dir='ltr'>se</span> <span class='ocrx_word' id='word_1_355' title='bbox 1366 3343 1479 3379; x_wconf 92' lang='grc'>000</span> <span class='ocrx_word' id='word_1_356' title='bbox 1507 3344 1678 3397; x_wconf 89' lang='lat' dir='ltr'>opere</span> <span class='ocrx_word' id='word_1_357' title='bbox 1704 3327 1761 3382; x_wconf 90' lang='lat' dir='ltr'>di</span> <span class='ocrx_word' id='word_1_358' title='bbox 1788 3327 1966 3384; x_wconf 65' lang='lat' dir='ltr'>carita</span> <span class='ocrx_word' id='word_1_359' title='bbox 1990 3343 2025 3384; x_wconf 88' lang='grc'>0</span> <span class='ocrx_word' id='word_1_360' title='bbox 2057 3326 2116 3383; x_wconf 94' lang='lat' dir='ltr'>di</span> <span class='ocrx_word' id='word_1_361' title='bbox 2150 3326 2364 3385; x_wconf 73' lang='lat' dir='ltr'>miseri·</span> 
     </span>
     <span class='ocr_line' id='line_1_33' title="bbox 320 3414 2374 3495; baseline 0.006 -27"><span class='ocrx_word' id='word_1_362' title='bbox 320 3414 531 3480; x_wconf 83' lang='lat' dir='ltr'>cordia,</span> <span class='ocrx_word' id='word_1_363' title='bbox 563 3435 597 3472; x_wconf 91' lang='lat' dir='ltr'>e</span> <span class='ocrx_word' id='word_1_364' title='bbox 621 3426 948 3472; x_wconf 86' lang='lat' dir='ltr'>veramente</span> <span class='ocrx_word' id='word_1_365' title='bbox 974 3418 1160 3487; x_wconf 71' lang='lat' dir='ltr'>degne</span> <span class='ocrx_word' id='word_1_366' title='bbox 1190 3420 1261 3474; x_wconf 90' lang='lat' dir='ltr'>de</span> <span class='ocrx_word' id='word_1_367' title='bbox 1287 3420 1324 3473; x_wconf 91' lang='lat' dir='ltr'>l&#39;</span> <span class='ocrx_word' id='word_1_368' title='bbox 1354 3420 1583 3491; x_wconf 86' lang='lat' dir='ltr'>opinion</span> <span class='ocrx_word' id='word_1_369' title='bbox 1612 3425 1719 3481; x_wconf 88' lang='lat' dir='ltr'>che</span> <span class='ocrx_word' id='word_1_370' title='bbox 1756 3423 1908 3481; x_wconf 89' lang='lat' dir='ltr'>tiene</span> <span class='ocrx_word' id='word_1_371' title='bbox 1942 3433 2144 3495; x_wconf 84' lang='lat' dir='ltr'>questa</span> <span class='ocrx_word' id='word_1_372' title='bbox 2179 3432 2374 3481; x_wconf 80' lang='lat' dir='ltr'>vostra</span> 
     </span>
     <span class='ocr_line' id='line_1_34' title="bbox 321 3503 2371 3586; baseline 0.005 -20"><span class='ocrx_word' id='word_1_373' title='bbox 321 3510 640 3566; x_wconf 84' lang='lat' dir='ltr'>santissima</span> <span class='ocrx_word' id='word_1_374' title='bbox 669 3503 1042 3583; x_wconf 72' lang='lat' dir='ltr'>Com&#39;pagnia.</span> <span class='ocrx_word' id='word_1_375' title='bbox 1079 3515 1164 3569; x_wconf 75' lang='lat' dir='ltr'>Ne</span> <span class='ocrx_word' id='word_1_376' title='bbox 1192 3515 1351 3586; x_wconf 86' lang='lat' dir='ltr'>pensi</span> <span class='ocrx_word' id='word_1_377' title='bbox 1375 3518 1446 3571; x_wconf 94' lang='lat' dir='ltr'>V.</span> <span class='ocrx_word' id='word_1_378' title='bbox 1475 3519 1541 3572; x_wconf 83' lang='lat' dir='ltr'>R.</span> <span class='ocrx_word' id='word_1_379' title='bbox 1567 3522 1673 3574; x_wconf 85' lang='lat' dir='ltr'>che</span> <span class='ocrx_word' id='word_1_380' title='bbox 1694 3538 1785 3576; x_wconf 89' lang='lat' dir='ltr'>me</span> <span class='ocrx_word' id='word_1_381' title='bbox 1806 3520 1888 3576; x_wconf 80' lang='lat' dir='ltr'>sia</span> <span class='ocrx_word' id='word_1_382' title='bbox 1914 3529 2068 3577; x_wconf 85' lang='lat' dir='ltr'>stato</span> <span class='ocrx_word' id='word_1_383' title='bbox 2093 3537 2292 3576; x_wconf 90' lang='lat' dir='ltr'>nuouo</span> <span class='ocrx_word' id='word_1_384' title='bbox 2316 3521 2371 3576; x_wconf 92' lang='lat' dir='ltr'>le</span> 
     </span>
    </p>
   </div>
   <div class='ocr_carea' id='block_1_3' title="bbox 318 3665 2364 3880">
    <p class='ocr_par' dir='ltr' id='par_1_4' title="bbox 318 3665 2364 3880">
     <span class='ocr_line' id='line_1_35' title="bbox 318 3665 2362 3738; baseline 0.007 -29"><span class='ocrx_word' id='word_1_385' title='bbox 318 3678 490 3711; x_wconf 84' lang='lat' dir='ltr'>norum</span> <span class='ocrx_word' id='word_1_386' title='bbox 515 3665 740 3726; x_wconf 78' lang='lat' dir='ltr'>Episcop.</span> <span class='ocrx_word' id='word_1_387' title='bbox 763 3666 825 3712; x_wconf 74' lang='lat' dir='ltr'>ad</span> <span class='ocrx_word' id='word_1_388' title='bbox 846 3665 1004 3714; x_wconf 85' lang='lat' dir='ltr'>Cone.</span> <span class='ocrx_word' id='word_1_389' title='bbox 1033 3668 1260 3716; x_wconf 85' lang='lat' dir='ltr'>Trident.</span> <span class='ocrx_word' id='word_1_390' title='bbox 1292 3671 1488 3730; x_wconf 66' lang='lat' dir='ltr'>missua,</span> <span class='ocrx_word' id='word_1_391' title='bbox 1511 3688 1566 3719; x_wconf 80' lang='lat' dir='ltr'>ac</span> <span class='ocrx_word' id='word_1_392' title='bbox 1588 3674 1800 3736; x_wconf 86' lang='lat' dir='ltr'>denique</span> <span class='ocrx_word' id='word_1_393' title='bbox 1822 3676 1900 3736; x_wconf 85' lang='lat'>[13</span> <span class='ocrx_word' id='word_1_394' title='bbox 1927 3677 2039 3724; x_wconf 74' lang='lat' dir='ltr'><strong>Kal.</strong></span> <span class='ocrx_word' id='word_1_395' title='bbox 2077 3677 2194 3738; x_wconf 75' lang='lat' dir='ltr'>Jan.</span> <span class='ocrx_word' id='word_1_396' title='bbox 2228 3679 2362 3737; x_wconf 78' lang='lat'>1551]</span> 
     </span>
     <span class='ocr_line' id='line_1_36' title="bbox 319 3738 2364 3812; baseline 0.007 -29"><span class='ocrx_word' id='word_1_397' title='bbox 319 3740 483 3798; x_wconf 77' lang='lat' dir='ltr'>presb.</span> <span class='ocrx_word' id='word_1_398' title='bbox 507 3738 654 3786; x_wconf 75' lang='lat' dir='ltr'><strong>Card.</strong></span> <span class='ocrx_word' id='word_1_399' title='bbox 687 3748 745 3787; x_wconf 83' lang='lat' dir='ltr'>tt.</span> <span class='ocrx_word' id='word_1_400' title='bbox 779 3754 824 3786; x_wconf 74' lang='grc' dir='ltr'>ι.</span> <span class='ocrx_word' id='word_1_401' title='bbox 865 3740 1160 3788; x_wconf 79' lang='lat' dir='ltr'>Clementis.</span> <span class='ocrx_word' id='word_1_402' title='bbox 1179 3777 1190 3789; x_wconf 93' lang='lat'><strong>.</strong></span> <span class='ocrx_word' id='word_1_403' title='bbox 1210 3780 1218 3788; x_wconf 94' lang='lat'><strong>.</strong></span> <span class='ocrx_word' id='word_1_404' title='bbox 1242 3761 1264 3785; x_wconf 73' lang='lat' dir='ltr'>n</span> <span class='ocrx_word' id='word_1_405' title='bbox 1294 3744 1609 3801; x_wconf 71' lang='lat' dir='ltr'>Cmcomus,</span> <span class='ocrx_word' id='word_1_406' title='bbox 1648 3750 1784 3796; x_wconf 77' lang='lat' dir='ltr'>Vitae</span> <span class='ocrx_word' id='word_1_407' title='bbox 1806 3755 1853 3796; x_wconf 75' lang='lat' dir='ltr'>ot</span> <span class='ocrx_word' id='word_1_408' title='bbox 1876 3755 2023 3812; x_wconf 75' lang='lat' dir='ltr'>gesta</span> <span class='ocrx_word' id='word_1_409' title='bbox 2042 3765 2364 3799; x_wconf 72' lang='lat' dir='ltr'>summorum</span> 
     </span>
     <span class='ocr_line' id='line_1_37' title="bbox 319 3812 1838 3880; baseline 0.009 -22"><span class='ocrx_word' id='word_1_410' title='bbox 319 3812 644 3874; x_wconf 73' lang='lat' dir='ltr'>Pontificum,</span> <span class='ocrx_word' id='word_1_411' title='bbox 671 3813 756 3861; x_wconf 90' lang='lat' dir='ltr'>lib.</span> <span class='ocrx_word' id='word_1_412' title='bbox 780 3826 833 3872; x_wconf 84' lang='lat' dir='ltr'>n,</span> <span class='ocrx_word' id='word_1_413' title='bbox 858 3829 968 3875; x_wconf 72' lang='lat' dir='ltr'><strong>pag.</strong></span> <span class='ocrx_word' id='word_1_414' title='bbox 999 3817 1327 3873; x_wconf 53' lang='lat' dir='ltr'>lum—Vide</span> <span class='ocrx_word' id='word_1_415' title='bbox 1352 3821 1501 3878; x_wconf 53' lang='lat' dir='ltr'>epist.</span> <span class='ocrx_word' id='word_1_416' title='bbox 1532 3831 1838 3880; x_wconf 64' lang='lat' dir='ltr'>sequentem.</span> 
     </span>
    </p>
   </div>
  </div>
 </body>
</html>
