2638 4334
1046 310 1100 358 19
1131 299 1344 346 Amls
1379 300 1492 359 ¹553
2129 327 2215 375 259

237 426 350 482 nisi
377 429 442 482 P.
475 427 548 481 V.
580 425 733 480 aliud
758 425 894 480 mihi
931 426 1157 481 scribat.
1202 428 1384 483 Mater
1419 428 1570 483 enim
1627 433 1640 458 ¹
1659 474 1671 498 ,
1711 450 1822 502 que
1857 454 1916 490 se
1953 445 2124 494 totam
2153 442 2270 512 jam

242 525 367 579 Deo
392 523 489 576 dat
515 539 644 576 curn
684 520 808 592 alijs
833 521 1057 578 deuotis
1089 520 1364 593 personiS,
1412 522 1716 581 intendunt
1755 537 1890 583 tunc
1917 533 2029 587 huc
2055 537 2268 604 venire,

233 628 302 675 et
346 636 477 674 cum
522 617 753 672 domino
799 617 1133 673 cancellario
1186 618 1229 684 ¹,
1284 617 1420 674 item
1455 620 1708 692 cenobijs
1751 633 1941 680 nostre
1975 629 2172 687 notitie
2216 642 2273 687 et

234 715 368 786 alijs
391 713 615 769 deuotis
641 713 896 768 notitiam
923 714 980 768 in
1007 697 1253 769 Domino
1278 717 1631 783 contrahere,
1669 716 1880 781 eisdem
1935 723 1953 748 ³
1993 727 2273 792 quandam

237 792 697 867 beneuolentiam
724 810 1095 866 ostendendO.
1134 813 1212 865 2.⁰
1247 811 1377 866 Non
1411 810 1653 868 libenter
1687 816 1849 869 traho
1886 834 2004 870 rem
2032 820 2273 890 aliquam

231 890 711 961 consuetu-dinem
753 903 895 978 [sic],
926 906 1219 963 confidens
1251 906 1405 976 quod
1431 907 1713 963 Dominus
1746 910 1884 965 satis
1917 915 2093 969 multa
2127 936 2277 973 noua

236 1018 370 1057 cum
398 1011 650 1072 tempore
677 1001 851 1070 dabit;
881 1011 940 1057 et
966 1019 1209 1072 quorum
1244 1002 1416 1057 corda
1441 1002 1563 1074 ipse
1591 1012 1729 1059 tunc
1756 1014 1975 1077 tanget,
2016 1009 2093 1063 illi
2128 1013 2277 1066 obti-

238 1099 476 1155 nebunt.
511 1101 587 1168 3.⁰
616 1099 763 1154 Cum
788 1097 1068 1153 Dominus
1094 1096 1231 1152 satis
1257 1116 1524 1169 prospere
1544 1099 1663 1170 jam
1691 1101 1879 1156 omnia
1914 1113 2107 1159 nostra
2142 1107 2277 1161 diri-

230 1195 345 1268 ·git,
375 1196 522 1250 malo
548 1212 659 1266 ego
693 1211 763 1248 eo
800 1192 984 1266 magis
1022 1192 1083 1247 in
1121 1192 1345 1248 silentio
1372 1212 1566 1265 agere,
1609 1214 1721 1267 que
1766 1198 1838 1253 ad
1879 1200 2277 1258 exaltationem

238 1301 490 1347 nostram
517 1309 644 1347 esse
668 1289 953 1345 videntur.
983 1288 1206 1346 Deinde
1224 1289 1346 1345 dies
1373 1290 1466 1347 ille
1492 1293 1602 1346 hoc
1628 1310 1778 1348 anno
1799 1294 1946 1350 foret
1965 1298 2277 1366 profestum

232 1387 577 1444 venerabilis
603 1383 959 1451 sacramenti,
991 1402 1104 1455 quo
1130 1384 1357 1456 plurimi
1377 1386 1637 1443 confiteri
1658 1389 1861 1456 solent,
1887 1399 1944 1446 et
1964 1390 2043 1446 ita
2064 1394 2277 1448 tamdiu

234 1504 276 1540 a
301 1483 751 1540 confessionibus
786 1481 1107 1553 impedirer.
1142 1483 1464 1549 PostremO,
1503 1502 1577 1540 ne
1609 1483 1755 1551 illos,
1786 1486 1882 1556 qui
1911 1506 2016 1542 nos
2050 1507 2165 1543 non
2195 1491 2278 1546 fe-

240 1590 374 1637 runt
399 1581 491 1635 vel
518 1580 869 1649 frequentem
894 1577 1047 1642 illam
1078 1578 1556 1646 communionem,
1593 1579 1730 1636 item
1769 1582 2037 1653 quicquid
2065 1603 2278 1640 nouum

229 1686 345 1743 est,
375 1695 450 1732 ne
475 1675 619 1741 illos,
653 1674 904 1744 inquam,
936 1674 1225 1730 offendere
1245 1693 1488 1745 possem.
1515 1678 1604 1731 De
1628 1675 1720 1732 his
1746 1677 1902 1733 satis,

348 1773 521 1844 Quod
539 1772 611 1826 ad
634 1770 921 1827 licentiam
947 1769 1171 1841 collegij
1200 1770 1377 1825 nostri
1404 1771 1661 1843 erigendi
1688 1773 1909 1841 attinet,
1943 1794 2275 1847 responsum

226 1879 324 1926 est
349 1889 383 1925 a
409 1868 566 1924 curia
590 1868 984 1939 imperatorem
1021 1884 1137 1921 non
1161 1884 1330 1938 posse
1356 1867 1519 1922 nobis
1545 1885 1671 1923 eam
1699 1872 2030 1940 concedere,
2061 1873 2182 1928 sine
2209 1875 2279 1928 li—

228 1966 426 2023 centia
451 1965 607 2038 prius
645 1965 880 2020 obtenta
913 1981 948 2018 a
979 1962 1224 2018 statibus
1258 1964 1339 2035 (vt
1371 1965 1596 2036 vocant)
1631 1966 1811 2037 patrie
1843 1967 2015 2022 huius
2047 1968 2279 2026 inferio—

240 2062 336 2130 ris,
366 2061 575 2134 quibus
599 2060 903 2132 imperator
922 2058 1203 2130 praestitit
1214 2059 1623 2130 juramentum,
1649 2064 1801 2132 quod
1821 2064 1977 2119 nulla
1995 2066 2145 2120 bona
2172 2066 2279 2121 im-

240 2158 469 2216 mobilia
513 2157 800 2230 permittat
832 2155 1132 2228 peruenire
1169 2156 1243 2211 ad
1288 2157 1368 2229 (vt
1401 2157 1627 2229 vocant)
1666 2177 1895 2214 manum
1922 2170 2204 2217 mortuam
2234 2164 2273 2218 ⁴.

241 2258 478 2327 Insuper
501 2263 560 2310 et
577 2272 709 2309 cum
728 2255 836 2308 hoc
864 2271 898 2308 a
924 2251 1166 2307 statibus
1199 2251 1323 2307 istis
1351 2251 1720 2321 obtinuimus,
1758 2256 1957 2310 dicunt
1983 2275 2045 2312 se
2080 2259 2279 2315 remis-

241 2369 405 2407 suros
430 2369 535 2405 nos
562 2351 635 2405 ad
659 2350 1053 2420 imperatorem
1079 2347 1285 2420 ipsum.
1318 2350 1479 2405 Haec
1506 2357 1594 2404 est
1620 2368 1840 2406 summa
1869 2361 1926 2408 et
1954 2353 2280 2426 principalis

241 2447 550 2519 responsio.
580 2449 652 2501 Et
678 2446 756 2500 ita
780 2464 885 2500 nos
912 2446 1098 2500 adhuc
1123 2444 1499 2500 deliberamus
1526 2445 1663 2516 quid
1682 2447 1805 2503 fieri
1826 2449 2032 2505 debeat
2051 2468 2153 2506 seu
2180 2470 2279 2506 ex—

239 2543 428 2617 pediat
455 2562 489 2599 a
514 2542 698 2611 nobis;
722 2559 1041 2614 proponere
1065 2540 1217 2597 enim
1237 2549 1432 2596 nostra
1450 2551 1509 2597 et
1527 2545 1871 2614 persuadere
1891 2545 2133 2618 singulis
2159 2567 2281 2603 ma-

230 2639 570 2712 gistratibus
597 2648 655 2696 et
682 2638 965 2711 precipuis
991 2637 1234 2693 dominis
1258 2638 1430 2693 huius
1465 2639 1644 2710 patrie
1663 2682 1676 2707 ,
1717 2650 1805 2696 est
1841 2651 1931 2697 res
1964 2643 2158 2714 magni
2197 2645 2282 2698 la-

241 2736 398 2792 boris
424 2746 482 2792 et
509 2736 892 2792 distractionis
942 2738 982 2803 ⁵,
1031 2735 1274 2792 maxime
1322 2753 1452 2791 cum
1499 2736 1781 2792 neminem
1822 2739 2134 2794 habeamus
2161 2759 2280 2795 ma-

242 2925 411 2971 lendas
430 2924 583 2983 Junii,
626 2925 819 2969 interno
834 2921 1045 2983 quodam
1083 2921 1315 2981 impulsu,
1350 2922 1411 2967 P.
1452 2921 1698 2967 Adrianus
1737 2922 2111 2982 professionem,
2141 2939 2284 2983 quam

242 3013 369 3045 anno
389 2998 705 3059 praecedenti
725 2997 899 3043 eodem
919 2996 1000 3042 die
1021 2996 1269 3052 emiserat,
1306 3011 1544 3041 renovare
1580 2996 1736 3042 voluit
1750 3033 1763 3056 ,
1799 3012 1924 3056 quae
1953 3013 2031 3042 res
2054 2998 2103 3043 in
2126 2997 2287 3043 Socie-

243 3082 345 3120 tate
367 3088 459 3119 nec
481 3072 614 3132 prius
636 3073 814 3118 usitata
836 3079 960 3130 erat,
982 3086 1075 3117 nec
1094 3070 1146 3117 in
1167 3077 1418 3130 posterum
1440 3070 1546 3129 ejus
1567 3086 1685 3116 usus
1706 3071 2010 3116 inducendus
2040 3072 2174 3116 visus
2192 3078 2285 3127 est3

237 3148 465 3209 quamvis
487 3147 549 3193 ad
569 3147 959 3193 aedificationem
988 3153 1105 3191 tunc
1126 3145 1323 3191 videtur
1341 3145 1602 3191 cessisse.»

331 3223 346 3250 ¹
408 3223 565 3268 Mater
604 3222 795 3267 scilicet
816 3221 970 3280 ipsius
992 3221 1052 3265 P.
1084 3220 1307 3279 Adriani,
1337 3220 1399 3265 de
1422 3235 1517 3280 qua
1546 3220 1717 3266 dicunt
1747 3222 1917 3277 multa,
1949 3219 2089 3264 laude
2120 3219 2286 3278 digna,

246 3298 366 3346 Litt.
391 3299 612 3356 Quadr„
638 3303 673 3341 t.
698 3308 751 3354 11,
776 3310 885 3355 pag.
916 3307 1016 3354 140,
1040 3302 1091 3341 et
1112 3308 1237 3355 seq.;
1260 3295 1567 3354 POLANCUS,
1587 3302 1622 3340 t.
1645 3306 1699 3353 11,
1718 3309 1829 3355 pag.
1850 3304 1954 3352 590,
1980 3304 2084 3350 591,
2108 3308 2158 3337 n.
2179 3302 2285 3349 407.

328 3376 348 3401 ¹
409 3371 635 3417 Ruardus
656 3372 867 3431 Tapper.

329 3449 348 3474 ³
410 3447 501 3491 Ms.
526 3446 757 3505 eijsdem.

327 3523 347 3549 ⁴
408 3521 678 3579 «Quamvis
713 3521 984 3580 Imperator
1025 3518 1229 3566 Carolus
1268 3518 1318 3563 in
1355 3518 1581 3576 Belgium
1614 3532 1667 3563 se
1704 3518 1795 3563 hoc
1817 3530 1942 3562 anno
1978 3515 2287 3569 contulisset,

240 3609 341 3640 non
362 3593 522 3653 potuit
548 3594 756 3639 facultas
786 3595 848 3639 ab
870 3607 929 3638 eo
971 3592 1193 3651 erigendi
1229 3591 1439 3650 Collegii
1468 3591 1791 3637 Lovaniensis
1827 3589 2163 3649 impetrari...»
2192 3587 2289 3632 Po-

247 3677 475 3723 LANCUS,
499 3674 535 3712 t.
558 3679 631 3725 111,
652 3681 763 3726 pag.
788 3667 894 3725 281,
918 3666 1023 3726 282,
1046 3682 1101 3713 n.
1129 3664 1235 3711 633.
1259 3664 1385 3710 Vide
1408 3667 1569 3710 locum
1591 3672 1642 3710 et
1664 3680 1740 3725 ea,
1762 3678 1886 3725 quae
1908 3662 1978 3708 ibi
1998 3667 2286 3723 sequuntur,

241 3742 426 3802 quibus
447 3742 568 3786 haec
592 3742 797 3800 epistola
818 3742 975 3799 magis
996 3741 1284 3787 illustratur.

341 3818 360 3845 ⁵
421 3816 518 3861 Ms.
549 3816 900 3861 distraxionis.
