2638 4334
453 355 543 414 676
1073 354 1368 399 EPISTOLAB
1401 346 1758 407 Mutus-732

1345 650 1500 715 aaz,

1073 777 1373 838 JOANNES
1405 773 1746 823 CUVILLON

863 888 1098 955 PATRI
1140 895 1465 952 IGNATIO
1505 895 1609 949 DE
1648 894 1973 950 LOYOLA

986 1038 1213 1076 annom
1248 1039 1305 1084 24
1338 1035 1634 1071 nsscssnmms
1670 1023 1784 1082 1553
1809 1028 1842 1070 ¹.

397 1145 541 1189 Pater
563 1143 780 1203 Jomnes
802 1141 1068 1196 Guttanus,
1102 1154 1128 1183 a
1163 1139 1312 1184 turcis
1346 1144 1535 1197 captus,
1559 1150 1671 1182 cum
1694 1136 1870 1182 redimi
1902 1152 1930 1182 a
1958 1138 2117 1187 sociis
2138 1153 2233 1184 non
2268 1141 2441 1198 possit,

944 1213 1241 1274 praedonum
1266 1212 1378 1257 navi
1401 1211 1587 1257 Gelves
1604 1210 1883 1256 abducitur.

1261 1317 1298 1388 †
1339 1318 1494 1371 1esus
1533 1315 1570 1387 †

512 1440 837 1496 Admodum
862 1438 1172 1495 reuerende
1214 1438 1400 1492 Pater.
1431 1433 1632 1490 Gratia
1659 1433 1872 1489 domini
1907 1435 2088 1490 nostri
2116 1437 2243 1491 Iesu
2269 1438 2438 1493 Chri-

400 1537 492 1604 sti,
515 1533 836 1601 saluatoris,
859 1532 932 1589 sit
950 1551 1172 1604 semper
1192 1550 1320 1586 cum
1350 1530 1614 1586 omnibus
1634 1531 1816 1586 nobiS.
1848 1530 1970 1586 Etsi
1989 1550 2104 1586 non
2125 1531 2436 1589 iucundum

400 1632 662 1688 nuntium
690 1629 811 1687 scio
836 1648 929 1687 me
964 1630 1262 1684 allaturum
1298 1626 1619 1699 paternitati
1654 1634 1807 1696 tuae,
1848 1635 2056 1695 tamen,
2095 1628 2228 1699 quia
2261 1631 2439 1701 patris

402 1729 655 1794 interest,
686 1744 800 1781 non
826 1727 1008 1781 solum
1036 1742 1301 1795 prospera
1328 1722 1574 1778 filiorum
1598 1740 1966 1795 cognoscere,
1996 1725 2098 1781 sed
2131 1725 2301 1781 etiam
2335 1729 2437 1781 ad-

403 1842 587 1892 uersa,
618 1821 814 1895 paucis
840 1820 1082 1878 scribam
1111 1822 1260 1890 quod
1290 1818 1456 1874 nobis
1482 1818 1707 1874 accidit.
1739 1818 1848 1876 Die
1875 1830 2106 1878 sanctae
2134 1823 2436 1889 Barbarae,

402 1923 571 1977 flante
592 1928 766 1975 vento
786 1917 1230 1989 septentrionali,
1246 1916 1395 1971 circa
1415 1914 1725 1983 meridiem,
1743 1916 2181 1973 conscendimus
2202 1919 2440 1974 nauicu-

403 2019 531 2083 lam,
562 2013 978 2073 deducentibus
1004 2031 1108 2067 nos
1138 2012 1401 2067 fratribus
1426 2010 1907 2068 messanensibus.
1928 2014 2024 2068 ‘Eo
2056 2013 2149 2071 die
2181 2015 2444 2072 venimus

399 2113 472 2168 ad
515 2115 776 2184 pharum,
813 2109 907 2165 cui
953 2109 1264 2181 propinqua
1298 2118 1385 2163 est
1421 2109 1631 2179 Scylla,
1674 2108 1860 2179 poetis
1894 2109 2143 2181 antiquis
2177 2112 2435 2168 celebris,

399 2210 573 2280 Quod
606 2225 720 2264 non
766 2216 925 2263 tutus
971 2206 1237 2261 traiectus
1277 2206 1589 2271 videretur,
1629 2205 1987 2262 substitimus
2025 2225 2094 2263 eo
2131 2208 2257 2263 loco
2296 2210 2441 2265 duos

398 2305 539 2362 dies».
565 2302 760 2362 Tertio
786 2302 1167 2359 commisimus
1196 2320 1299 2356 nos
1326 2301 1483 2356 mari.
1510 2303 1563 2357 Is
1590 2311 1711 2365 erat
1736 2301 1859 2359 dies
1886 2303 2055 2358 Iouis,
2084 2304 2325 2361 Veneris
2348 2305 2441 2360 die

401 2420 467 2457 ac
493 2399 754 2456 sabbathi
779 2398 1178 2471 nauigauimus
1198 2400 1365 2454 modo
1385 2398 1573 2464 remiS,
1599 2399 1766 2453 modo
1787 2408 1981 2468 vent0,
2005 2417 2227 2472 semper
2249 2410 2439 2456 tamen

400 2499 660 2570 legentes
683 2494 863 2550 littus.
895 2494 1193 2550 Dominico
1218 2496 1309 2551 die
1337 2496 1484 2566 (cum
1515 2503 1689 2549 totam
1726 2504 1950 2551 noctem
1987 2496 2441 2568 nauigassemus)

403 2593 661 2650 venimus
689 2591 1031 2663 Chyrellam.
1059 2592 1180 2662 Ipse
1208 2601 1293 2647 est
1322 2609 1503 2662 pagus
1530 2590 1589 2645 in
1616 2592 1843 2647 excelso
1878 2593 2022 2648 colle
2046 2592 2211 2659 situS,
2241 2612 2313 2649 ex
2341 2596 2443 2648 ad-

405 2707 570 2746 uerso
596 2689 814 2744 habens
847 2686 1087 2743 insulam
1118 2689 1399 2757 quandam
1437 2707 1550 2742 non
1585 2689 1750 2744 valde
1786 2707 2075 2761 magnam,
2114 2690 2215 2746 sed
2257 2699 2446 2746 tamen

404 2805 547 2853 eam,
579 2802 727 2856 quae
762 2793 1046 2839 turcarum
1090 2784 1318 2854 nauigia
1360 2793 1554 2855 tegere
1588 2785 1784 2855 possit.
1825 2785 1994 2841 Circa
2022 2788 2170 2842 hanc.
2204 2786 2445 2842 insulam

403 2900 534 2938 cum
556 2881 983 2953 remigaremuS,
1008 2881 1200 2935 deerat
1222 2880 1428 2951 quippe
1450 2880 1612 2935 nobis
1633 2891 1859 2948 ventus,
1884 2882 2113 2953 quidam
2140 2901 2212 2939 ex
2239 2883 2448 2939 nostris

403 2976 802 3035 animaduertit
835 2975 1154 3031 nauiculam
1191 2986 1495 3043 turcarum,
1534 2995 1702 3048 quam
1739 2979 2023 3050 galeotam
2059 2988 2284 3035 vocant:
2324 2989 2445 3037 erat

404 3084 592 3132 autem
622 3083 741 3128 tum
771 3071 1039 3144 temporis
1064 3090 1347 3127 summum
1375 3091 1559 3140 mane,
1597 3074 1850 3128 nondum
1881 3084 2007 3130 orto
2042 3076 2178 3131 sole.
2209 3076 2438 3132 Guber-

407 3180 586 3236 nator,
618 3169 715 3225 vbi
740 3168 1100 3241 conspicatur
1129 3178 1337 3234 turcaS,
1376 3188 1539 3239 prora
1574 3172 1642 3224 ad
1679 3190 1782 3225 nos
1817 3189 2113 3240 conuersa,
2151 3171 2321 3229 remis
2355 3172 2436 3226 in-

404 3268 692 3333 cumbere,
723 3274 782 3322 et
808 3265 928 3337 ipse
955 3264 1074 3319 suis
1103 3264 1247 3318 idem
1276 3264 1466 3333 edicit,
1492 3275 1551 3319 vt
1578 3276 1788 3337 quanta
1817 3277 2049 3340 possent
2069 3268 2356 3325 celeritate
2377 3269 2448 3323 ad

408 3374 611 3418 terram
655 3381 759 3418 nos
791 3362 1171 3425 deducerent,
1214 3361 1350 3432 fuga
1387 3371 1670 3417 turcarum
1710 3363 1999 3419 incursum
2036 3364 2449 3420 declinaturos.

409 3459 773 3514 Distabamus
810 3458 883 3512 ab
914 3456 1018 3524 eis,
1056 3475 1184 3510 cum
1223 3475 1492 3528 apparere
1526 3470 1857 3530 coeperunt,
1897 3460 2123 3518 circiter
2157 3460 2392 3525 miliare,
2424 3478 2456 3515 a

409 3564 557 3611 terra
577 3564 766 3610 autem
792 3555 917 3625 plus
938 3552 1124 3609 minus
1139 3553 1484 3625 quingentos
1498 3573 1715 3624 passus,
1732 3556 2167 3628 Remigantibus
2180 3556 2456 3627 Vtrisque,

408 3653 558 3720 quod
587 3650 665 3706 illi
693 3649 897 3722 viginti
924 3651 1069 3705 duos
1097 3668 1280 3705 remos
1307 3651 1609 3718 haberent,
1648 3670 1751 3707 nos
1786 3663 1976 3710 autem
2005 3654 2282 3708 duntaxat
2314 3670 2458 3723 qua·

594 3746 763 3753 --2—-—

506 3788 517 3813 ⁸
584 3785 654 3829 Ex
677 3784 978 3844 autographo
1001 3782 1048 3828 in
1074 3784 1167 3827 vol.
1192 3784 1254 3840 1),
1271 3782 1453 3842 duplici
1476 3782 1610 3840 folio,
1634 3800 1682 3830 n.
1709 3785 1814 3842 218,
1834 3786 1966 3845 prius
1995 3784 2300 3833 moe-Hanc
2321 3785 2455 3831 adhi-

411 3858 514 3903 buit
537 3858 793 3918 epistolam
819 3858 1119 3912 POLANCUS‚
1147 3866 1181 3901 t.
1208 3867 1276 3915 ¹11,
1301 3871 1410 3916 pag.
1442 3855 1541 3915 183,
1572 3858 1671 3916 184,
1695 3874 1742 3905 n.
1769 3858 1987 3918 387-389.
